{
  "Products": [
    {
      "Products": [
        {
          "Stockcode": 513397,
          "CupPrice": 0.5,
          "CupMeasure": "1EA",
          "CupString": "$0.50 / 1EA",
          "HasCupPrice": true,
          "Price": 5,
          "Name": "Cadbury Chocolate Cake Bars ",
          "UrlFriendlyName": "cadbury-chocolate-cake-bars",
          "Description": " Cadbury Chocolate Cake Bars  10pk",
          "SmallImageFile": "https://wowprodmedia002aae.azureedge.net/content/wowproductimages/small/513397.jpg",
          "MediumImageFile": "https://wowprodmedia002aae.azureedge.net/content/wowproductimages/medium/513397.jpg",
          "LargeImageFile": "https://wowprodmedia002aae.azureedge.net/content/wowproductimages/large/513397.jpg",
          "IsNew": false,
          "IsOnSpecial": false,
          "IsEdrSpecial": false,
          "SavingsAmount": 0,
          "WasPrice": 5,
          "QuantityInTrolley": 0,
          "Unit": "Each",
          "MinimumQuantity": 1,
          "IsInTrolley": false,
          "Source": "SearchProducts",
          "SupplyLimit": 36,
          "PackageSize": "10pk",
          "IsPmDelivery": false,
          "IsForCollection": true,
          "IsForDelivery": true,
          "CentreTag": {
            "TagContent": null,
            "TagLink": null,
            "FallbackText": null,
            "TagType": "None"
          },
          "IsCentreTag": false,
          "ImageTag": {
            "TagContent": null,
            "TagLink": null,
            "FallbackText": "",
            "TagType": "None"
          },
          "HeaderTag": null,
          "HasHeaderTag": false,
          "UnitWeightInGrams": 350,
          "SupplyLimitMessage": "'Cadbury Chocolate Cake Bars ' has a supply limit of 36. The quantity in your cart has been reduced accordingly. To purchase a larger quantity, please contact us on 1800 000 610, or e-mail us at shoponline@woolworths.com.au. Please note - we do not supply trade orders.",
          "SmallFormatDescription": "Cadbury Chocolate Cake Bars ",
          "FullDescription": "Cadbury Chocolate Cake Bars ",
          "IsAvailable": true,
          "AgeRestricted": false,
          "DisplayQuantity": 1,
          "RichDescription": null,
          "IsDeliveryPass": false,
          "HideWasSavedPrice": false,
          "SapCategories": null,
          "Brand": "cadbury",
          "FooterTag": {
            "TagContent": null,
            "TagLink": null,
            "FallbackText": null,
            "TagType": "None"
          },
          "IsFooterEnabled": false,
          "Diagnostics": null,
          "IsBundle": false,
          "ChildProducts": []
        }
      ],
      "Name": "Cadbury Chocolate Cake Bars "
    },
    {
      "Products": [
        {
          "Stockcode": 513487,
          "CupPrice": 0.42,
          "CupMeasure": "1EA",
          "CupString": "$0.42 / 1EA",
          "HasCupPrice": true,
          "Price": 5,
          "Name": "Cadbury Raspberry Mini Rolls ",
          "UrlFriendlyName": "cadbury-raspberry-mini-rolls",
          "Description": " Cadbury Raspberry Mini Rolls<br> 12pk",
          "SmallImageFile": "https://wowprodmedia002aae.azureedge.net/content/wowproductimages/small/513487.jpg",
          "MediumImageFile": "https://wowprodmedia002aae.azureedge.net/content/wowproductimages/medium/513487.jpg",
          "LargeImageFile": "https://wowprodmedia002aae.azureedge.net/content/wowproductimages/large/513487.jpg",
          "IsNew": false,
          "IsOnSpecial": false,
          "IsEdrSpecial": false,
          "SavingsAmount": 0,
          "WasPrice": 5,
          "QuantityInTrolley": 0,
          "Unit": "Each",
          "MinimumQuantity": 1,
          "IsInTrolley": false,
          "Source": "SearchProducts",
          "SupplyLimit": 36,
          "PackageSize": "12pk",
          "IsPmDelivery": false,
          "IsForCollection": true,
          "IsForDelivery": true,
          "CentreTag": {
            "TagContent": null,
            "TagLink": null,
            "FallbackText": null,
            "TagType": "None"
          },
          "IsCentreTag": false,
          "ImageTag": {
            "TagContent": "/content/promotiontags/bni-roundel.png",
            "TagLink": null,
            "FallbackText": "BIG NIGHT IN - BUY TO WIN",
            "TagType": "None"
          },
          "HeaderTag": null,
          "HasHeaderTag": false,
          "UnitWeightInGrams": 345,
          "SupplyLimitMessage": "'Cadbury Raspberry Mini Rolls ' has a supply limit of 36. The quantity in your cart has been reduced accordingly. To purchase a larger quantity, please contact us on 1800 000 610, or e-mail us at shoponline@woolworths.com.au. Please note - we do not supply trade orders.",
          "SmallFormatDescription": "Cadbury Raspberry Mini Rolls ",
          "FullDescription": "Cadbury Raspberry Mini Rolls ",
          "IsAvailable": true,
          "AgeRestricted": false,
          "DisplayQuantity": 1,
          "RichDescription": null,
          "IsDeliveryPass": false,
          "HideWasSavedPrice": false,
          "SapCategories": null,
          "Brand": "cadbury",
          "FooterTag": {
            "TagContent": null,
            "TagLink": null,
            "FallbackText": null,
            "TagType": "None"
          },
          "IsFooterEnabled": false,
          "Diagnostics": null,
          "IsBundle": false,
          "ChildProducts": []
        }
      ],
      "Name": "Cadbury Raspberry Mini Rolls "
    },
    {
      "Products": [
        {
          "Stockcode": 446457,
          "CupPrice": 2.5,
          "CupMeasure": "100G",
          "CupString": "$2.50 / 100G",
          "HasCupPrice": true,
          "Price": 4,
          "Name": "Cadbury Party Mix ",
          "UrlFriendlyName": "cadbury-party-mix",
          "Description": " Cadbury Party Mix  160g bag",
          "SmallImageFile": "https://wowprodmedia002aae.azureedge.net/content/wowproductimages/small/446457.jpg",
          "MediumImageFile": "https://wowprodmedia002aae.azureedge.net/content/wowproductimages/medium/446457.jpg",
          "LargeImageFile": "https://wowprodmedia002aae.azureedge.net/content/wowproductimages/large/446457.jpg",
          "IsNew": false,
          "IsOnSpecial": false,
          "IsEdrSpecial": false,
          "SavingsAmount": 0,
          "WasPrice": 4,
          "QuantityInTrolley": 0,
          "Unit": "Each",
          "MinimumQuantity": 1,
          "IsInTrolley": false,
          "Source": "SearchProducts",
          "SupplyLimit": 36,
          "PackageSize": "160g bag",
          "IsPmDelivery": false,
          "IsForCollection": true,
          "IsForDelivery": true,
          "CentreTag": {
            "TagContent": null,
            "TagLink": null,
            "FallbackText": null,
            "TagType": "None"
          },
          "IsCentreTag": false,
          "ImageTag": {
            "TagContent": "/content/promotiontags/bni-roundel.png",
            "TagLink": null,
            "FallbackText": "BIG NIGHT IN - BUY TO WIN",
            "TagType": "None"
          },
          "HeaderTag": null,
          "HasHeaderTag": false,
          "UnitWeightInGrams": 161,
          "SupplyLimitMessage": "'Cadbury Party Mix ' has a supply limit of 36. The quantity in your cart has been reduced accordingly. To purchase a larger quantity, please contact us on 1800 000 610, or e-mail us at shoponline@woolworths.com.au. Please note - we do not supply trade orders.",
          "SmallFormatDescription": "Cadbury Party Mix ",
          "FullDescription": "Cadbury Party Mix ",
          "IsAvailable": true,
          "AgeRestricted": false,
          "DisplayQuantity": 1,
          "RichDescription": "<p>A unique mix of your favourite lollies and deliciously smooth Cadbury bites...</p><p>With Snakes, Strawberry & Cream, Laughs, Cadbury Clinker &Tiny Freddo Faces</p><p>A mix of jellies milk chocolates and milk chocolate coated confectionery </p>",
          "IsDeliveryPass": false,
          "HideWasSavedPrice": false,
          "SapCategories": null,
          "Brand": "cadbury",
          "FooterTag": {
            "TagContent": null,
            "TagLink": null,
            "FallbackText": null,
            "TagType": "None"
          },
          "IsFooterEnabled": false,
          "Diagnostics": null,
          "IsBundle": false,
          "ChildProducts": []
        }
      ],
      "Name": "Cadbury Party Mix "
    },
    {
      "Products": [
        {
          "Stockcode": 574617,
          "CupPrice": 0.8,
          "CupMeasure": "100ML",
          "CupString": "$0.80 / 100ML",
          "HasCupPrice": true,
          "Price": 4,
          "Name": "Cadbury Ice Cream Rocky Road Chocolate",
          "UrlFriendlyName": "cadbury-ice-cream-rocky-road-chocolate",
          "Description": " Cadbury Ice Cream Rocky Road<br>Chocolate 500ml",
          "SmallImageFile": "https://wowprodmedia002aae.azureedge.net/content/wowproductimages/small/574617.jpg",
          "MediumImageFile": "https://wowprodmedia002aae.azureedge.net/content/wowproductimages/medium/574617.jpg",
          "LargeImageFile": "https://wowprodmedia002aae.azureedge.net/content/wowproductimages/large/574617.jpg",
          "IsNew": false,
          "IsOnSpecial": true,
          "IsEdrSpecial": false,
          "SavingsAmount": 1,
          "WasPrice": 5,
          "QuantityInTrolley": 0,
          "Unit": "Each",
          "MinimumQuantity": 1,
          "IsInTrolley": false,
          "Source": "SearchProducts",
          "SupplyLimit": 36,
          "PackageSize": "500ml",
          "IsPmDelivery": false,
          "IsForCollection": true,
          "IsForDelivery": true,
          "CentreTag": {
            "TagContent": null,
            "TagLink": null,
            "FallbackText": null,
            "TagType": "None"
          },
          "IsCentreTag": false,
          "ImageTag": {
            "TagContent": "/content/promotiontags/bni-roundel.png",
            "TagLink": null,
            "FallbackText": "BIG NIGHT IN - BUY TO WIN",
            "TagType": "None"
          },
          "HeaderTag": {
            "BackgroundColor": "#fd0",
            "BorderColor": "#fd0",
            "TextColor": "#000",
            "Content": "Save $1.00",
            "TagLink": null,
            "Promotion": "Special"
          },
          "HasHeaderTag": true,
          "UnitWeightInGrams": 342,
          "SupplyLimitMessage": "'Cadbury Ice Cream Rocky Road Chocolate' has a supply limit of 36. The quantity in your cart has been reduced accordingly. To purchase a larger quantity, please contact us on 1800 000 610, or e-mail us at shoponline@woolworths.com.au. Please note - we do not supply trade orders.",
          "SmallFormatDescription": "Cadbury Ice Cream Rocky Road Chocolate",
          "FullDescription": "Cadbury Ice Cream Rocky Road Chocolate",
          "IsAvailable": true,
          "AgeRestricted": false,
          "DisplayQuantity": 1,
          "RichDescription": null,
          "IsDeliveryPass": false,
          "HideWasSavedPrice": false,
          "SapCategories": null,
          "Brand": "cadbury",
          "FooterTag": {
            "TagContent": null,
            "TagLink": null,
            "FallbackText": null,
            "TagType": "None"
          },
          "IsFooterEnabled": false,
          "Diagnostics": null,
          "IsBundle": false,
          "ChildProducts": []
        }
      ],
      "Name": "Cadbury Ice Cream Rocky Road Chocolate"
    },
    {
      "Products": [
        {
          "Stockcode": 593271,
          "CupPrice": 1.56,
          "CupMeasure": "100G",
          "CupString": "$1.56 / 100G",
          "HasCupPrice": true,
          "Price": 2.5,
          "Name": "Cadbury Dark Milk ",
          "UrlFriendlyName": "cadbury-dark-milk",
          "Description": " Cadbury Dark Milk  160g block",
          "SmallImageFile": "https://wowprodmedia002aae.azureedge.net/content/wowproductimages/small/593271.jpg",
          "MediumImageFile": "https://wowprodmedia002aae.azureedge.net/content/wowproductimages/medium/593271.jpg",
          "LargeImageFile": "https://wowprodmedia002aae.azureedge.net/content/wowproductimages/large/593271.jpg",
          "IsNew": false,
          "IsOnSpecial": true,
          "IsEdrSpecial": false,
          "SavingsAmount": 2.5,
          "WasPrice": 5,
          "QuantityInTrolley": 0,
          "Unit": "Each",
          "MinimumQuantity": 1,
          "IsInTrolley": false,
          "Source": "SearchProducts",
          "SupplyLimit": 36,
          "PackageSize": "160g block",
          "IsPmDelivery": false,
          "IsForCollection": true,
          "IsForDelivery": true,
          "CentreTag": {
            "TagContent": null,
            "TagLink": null,
            "FallbackText": null,
            "TagType": "None"
          },
          "IsCentreTag": false,
          "ImageTag": {
            "TagContent": "/content/promotiontags/bni-roundel.png",
            "TagLink": null,
            "FallbackText": "BIG NIGHT IN - BUY TO WIN",
            "TagType": "None"
          },
          "HeaderTag": {
            "BackgroundColor": "#fd0",
            "BorderColor": "#fd0",
            "TextColor": "#000",
            "Content": "Save $2.50",
            "TagLink": null,
            "Promotion": "Special"
          },
          "HasHeaderTag": true,
          "UnitWeightInGrams": 162,
          "SupplyLimitMessage": "'Cadbury Dark Milk ' has a supply limit of 36. The quantity in your cart has been reduced accordingly. To purchase a larger quantity, please contact us on 1800 000 610, or e-mail us at shoponline@woolworths.com.au. Please note - we do not supply trade orders.",
          "SmallFormatDescription": "Cadbury Dark Milk ",
          "FullDescription": "Cadbury Dark Milk ",
          "IsAvailable": true,
          "AgeRestricted": false,
          "DisplayQuantity": 1,
          "RichDescription": null,
          "IsDeliveryPass": false,
          "HideWasSavedPrice": false,
          "SapCategories": null,
          "Brand": "cadbury",
          "FooterTag": {
            "TagContent": null,
            "TagLink": null,
            "FallbackText": null,
            "TagType": "None"
          },
          "IsFooterEnabled": false,
          "Diagnostics": null,
          "IsBundle": false,
          "ChildProducts": []
        }
      ],
      "Name": "Cadbury Dark Milk "
    },
    {
      "Products": [
        {
          "Stockcode": 829003,
          "CupPrice": 1.5,
          "CupMeasure": "100G",
          "CupString": "$1.50 / 100G",
          "HasCupPrice": true,
          "Price": 3,
          "Name": "Cadbury Baking Dark Chocolate Block",
          "UrlFriendlyName": "cadbury-baking-dark-chocolate-block",
          "Description": " Cadbury Baking Dark<br>Chocolate Block 200g",
          "SmallImageFile": "https://wowprodmedia002aae.azureedge.net/content/wowproductimages/small/829003.jpg",
          "MediumImageFile": "https://wowprodmedia002aae.azureedge.net/content/wowproductimages/medium/829003.jpg",
          "LargeImageFile": "https://wowprodmedia002aae.azureedge.net/content/wowproductimages/large/829003.jpg",
          "IsNew": false,
          "IsOnSpecial": true,
          "IsEdrSpecial": false,
          "SavingsAmount": 1.5,
          "WasPrice": 4.5,
          "QuantityInTrolley": 0,
          "Unit": "Each",
          "MinimumQuantity": 1,
          "IsInTrolley": false,
          "Source": "SearchProducts",
          "SupplyLimit": 36,
          "PackageSize": "200g",
          "IsPmDelivery": false,
          "IsForCollection": true,
          "IsForDelivery": true,
          "CentreTag": {
            "TagContent": null,
            "TagLink": null,
            "FallbackText": null,
            "TagType": "None"
          },
          "IsCentreTag": false,
          "ImageTag": {
            "TagContent": "/content/promotiontags/bni-roundel.png",
            "TagLink": null,
            "FallbackText": "BIG NIGHT IN - BUY TO WIN",
            "TagType": "None"
          },
          "HeaderTag": {
            "BackgroundColor": "#fd0",
            "BorderColor": "#fd0",
            "TextColor": "#000",
            "Content": "Save $1.50",
            "TagLink": null,
            "Promotion": "Special"
          },
          "HasHeaderTag": true,
          "UnitWeightInGrams": 200,
          "SupplyLimitMessage": "'Cadbury Baking Dark Chocolate Block' has a supply limit of 36. The quantity in your cart has been reduced accordingly. To purchase a larger quantity, please contact us on 1800 000 610, or e-mail us at shoponline@woolworths.com.au. Please note - we do not supply trade orders.",
          "SmallFormatDescription": "Cadbury Baking Dark Chocolate Block",
          "FullDescription": "Cadbury Baking Dark Chocolate Block",
          "IsAvailable": true,
          "AgeRestricted": false,
          "DisplayQuantity": 1,
          "RichDescription": null,
          "IsDeliveryPass": false,
          "HideWasSavedPrice": false,
          "SapCategories": null,
          "Brand": "cadbury",
          "FooterTag": {
            "TagContent": null,
            "TagLink": null,
            "FallbackText": null,
            "TagType": "None"
          },
          "IsFooterEnabled": false,
          "Diagnostics": null,
          "IsBundle": false,
          "ChildProducts": []
        }
      ],
      "Name": "Cadbury Baking Dark Chocolate Block"
    },
    {
      "Products": [
        {
          "Stockcode": 320108,
          "CupPrice": 1.92,
          "CupMeasure": "100G",
          "CupString": "$1.92 / 100G",
          "HasCupPrice": true,
          "Price": 1,
          "Name": "Cadbury Cherry Ripe ",
          "UrlFriendlyName": "cadbury-cherry-ripe",
          "Description": " Cadbury Cherry Ripe  52g bar",
          "SmallImageFile": "https://wowprodmedia002aae.azureedge.net/content/wowproductimages/small/320108.jpg",
          "MediumImageFile": "https://wowprodmedia002aae.azureedge.net/content/wowproductimages/medium/320108.jpg",
          "LargeImageFile": "https://wowprodmedia002aae.azureedge.net/content/wowproductimages/large/320108.jpg",
          "IsNew": false,
          "IsOnSpecial": true,
          "IsEdrSpecial": false,
          "SavingsAmount": 1,
          "WasPrice": 2,
          "QuantityInTrolley": 0,
          "Unit": "Each",
          "MinimumQuantity": 1,
          "IsInTrolley": false,
          "Source": "SearchProducts",
          "SupplyLimit": 36,
          "PackageSize": "52g bar",
          "IsPmDelivery": false,
          "IsForCollection": true,
          "IsForDelivery": true,
          "CentreTag": {
            "TagContent": null,
            "TagLink": null,
            "FallbackText": null,
            "TagType": "None"
          },
          "IsCentreTag": false,
          "ImageTag": {
            "TagContent": "/content/promotiontags/bni-roundel.png",
            "TagLink": null,
            "FallbackText": "BIG NIGHT IN - BUY TO WIN",
            "TagType": "None"
          },
          "HeaderTag": {
            "BackgroundColor": "#fd0",
            "BorderColor": "#fd0",
            "TextColor": "#000",
            "Content": "Save $1.00",
            "TagLink": null,
            "Promotion": "Special"
          },
          "HasHeaderTag": true,
          "UnitWeightInGrams": 52,
          "SupplyLimitMessage": "'Cadbury Cherry Ripe ' has a supply limit of 36. The quantity in your cart has been reduced accordingly. To purchase a larger quantity, please contact us on 1800 000 610, or e-mail us at shoponline@woolworths.com.au. Please note - we do not supply trade orders.",
          "SmallFormatDescription": "Cadbury Cherry Ripe ",
          "FullDescription": "Cadbury Cherry Ripe ",
          "IsAvailable": true,
          "AgeRestricted": false,
          "DisplayQuantity": 1,
          "RichDescription": "<p>Be treat wise enjoy a balanced diet.</p>",
          "IsDeliveryPass": false,
          "HideWasSavedPrice": false,
          "SapCategories": null,
          "Brand": "cadbury",
          "FooterTag": {
            "TagContent": null,
            "TagLink": null,
            "FallbackText": null,
            "TagType": "None"
          },
          "IsFooterEnabled": false,
          "Diagnostics": null,
          "IsBundle": false,
          "ChildProducts": []
        }
      ],
      "Name": "Cadbury Cherry Ripe "
    },
    {
      "Products": [
        {
          "Stockcode": 829144,
          "CupPrice": 1.28,
          "CupMeasure": "100G",
          "CupString": "$1.28 / 100G",
          "HasCupPrice": true,
          "Price": 2.3,
          "Name": "Cadbury Cherry Ripe Sharepack",
          "UrlFriendlyName": "cadbury-cherry-ripe-sharepack",
          "Description": " Cadbury Cherry Ripe<br>Sharepack 12pk 180g",
          "SmallImageFile": "https://wowprodmedia002aae.azureedge.net/content/wowproductimages/small/829144.jpg",
          "MediumImageFile": "https://wowprodmedia002aae.azureedge.net/content/wowproductimages/medium/829144.jpg",
          "LargeImageFile": "https://wowprodmedia002aae.azureedge.net/content/wowproductimages/large/829144.jpg",
          "IsNew": false,
          "IsOnSpecial": true,
          "IsEdrSpecial": false,
          "SavingsAmount": 2.3,
          "WasPrice": 4.6,
          "QuantityInTrolley": 0,
          "Unit": "Each",
          "MinimumQuantity": 1,
          "IsInTrolley": false,
          "Source": "SearchProducts",
          "SupplyLimit": 36,
          "PackageSize": "12pk 180g",
          "IsPmDelivery": false,
          "IsForCollection": true,
          "IsForDelivery": true,
          "CentreTag": {
            "TagContent": null,
            "TagLink": null,
            "FallbackText": null,
            "TagType": "None"
          },
          "IsCentreTag": false,
          "ImageTag": {
            "TagContent": "/content/promotiontags/bni-roundel.png",
            "TagLink": null,
            "FallbackText": "BIG NIGHT IN - BUY TO WIN",
            "TagType": "None"
          },
          "HeaderTag": {
            "BackgroundColor": "#fd0",
            "BorderColor": "#fd0",
            "TextColor": "#000",
            "Content": "Save $2.30",
            "TagLink": null,
            "Promotion": "Special"
          },
          "HasHeaderTag": true,
          "UnitWeightInGrams": 180,
          "SupplyLimitMessage": "'Cadbury Cherry Ripe Sharepack' has a supply limit of 36. The quantity in your cart has been reduced accordingly. To purchase a larger quantity, please contact us on 1800 000 610, or e-mail us at shoponline@woolworths.com.au. Please note - we do not supply trade orders.",
          "SmallFormatDescription": "Cadbury Cherry Ripe Sharepack",
          "FullDescription": "Cadbury Cherry Ripe Sharepack",
          "IsAvailable": true,
          "AgeRestricted": false,
          "DisplayQuantity": 1,
          "RichDescription": "<p>Ripe juice cherries & coconut in old gold rich dark chocolate, in individually wrapped pieces.</p><p>To learn more visit www.betreatwise.info</p>",
          "IsDeliveryPass": false,
          "HideWasSavedPrice": false,
          "SapCategories": null,
          "Brand": "cadbury",
          "FooterTag": {
            "TagContent": null,
            "TagLink": null,
            "FallbackText": null,
            "TagType": "None"
          },
          "IsFooterEnabled": false,
          "Diagnostics": null,
          "IsBundle": false,
          "ChildProducts": []
        }
      ],
      "Name": "Cadbury Cherry Ripe Sharepack"
    },
    {
      "Products": [
        {
          "Stockcode": 98368,
          "CupPrice": 2,
          "CupMeasure": "100G",
          "CupString": "$2.00 / 100G",
          "HasCupPrice": true,
          "Price": 1,
          "Name": "Cadbury Crunchie ",
          "UrlFriendlyName": "cadbury-crunchie",
          "Description": " Cadbury Crunchie  50g bar",
          "SmallImageFile": "https://wowprodmedia002aae.azureedge.net/content/wowproductimages/small/098368.jpg",
          "MediumImageFile": "https://wowprodmedia002aae.azureedge.net/content/wowproductimages/medium/098368.jpg",
          "LargeImageFile": "https://wowprodmedia002aae.azureedge.net/content/wowproductimages/large/098368.jpg",
          "IsNew": false,
          "IsOnSpecial": true,
          "IsEdrSpecial": false,
          "SavingsAmount": 1,
          "WasPrice": 2,
          "QuantityInTrolley": 0,
          "Unit": "Each",
          "MinimumQuantity": 1,
          "IsInTrolley": false,
          "Source": "SearchProducts",
          "SupplyLimit": 36,
          "PackageSize": "50g bar",
          "IsPmDelivery": false,
          "IsForCollection": true,
          "IsForDelivery": true,
          "CentreTag": {
            "TagContent": null,
            "TagLink": null,
            "FallbackText": null,
            "TagType": "None"
          },
          "IsCentreTag": false,
          "ImageTag": {
            "TagContent": "/content/promotiontags/bni-roundel.png",
            "TagLink": null,
            "FallbackText": "BIG NIGHT IN - BUY TO WIN",
            "TagType": "None"
          },
          "HeaderTag": {
            "BackgroundColor": "#fd0",
            "BorderColor": "#fd0",
            "TextColor": "#000",
            "Content": "Save $1.00",
            "TagLink": null,
            "Promotion": "Special"
          },
          "HasHeaderTag": true,
          "UnitWeightInGrams": 50,
          "SupplyLimitMessage": "'Cadbury Crunchie ' has a supply limit of 36. The quantity in your cart has been reduced accordingly. To purchase a larger quantity, please contact us on 1800 000 610, or e-mail us at shoponline@woolworths.com.au. Please note - we do not supply trade orders.",
          "SmallFormatDescription": "Cadbury Crunchie ",
          "FullDescription": "Cadbury Crunchie ",
          "IsAvailable": true,
          "AgeRestricted": false,
          "DisplayQuantity": 1,
          "RichDescription": "<p>Golden Hokey Pokey Honeycomb covered in Cadbury milk chocolate.</p>",
          "IsDeliveryPass": false,
          "HideWasSavedPrice": false,
          "SapCategories": null,
          "Brand": "cadbury",
          "FooterTag": {
            "TagContent": null,
            "TagLink": null,
            "FallbackText": null,
            "TagType": "None"
          },
          "IsFooterEnabled": false,
          "Diagnostics": null,
          "IsBundle": false,
          "ChildProducts": []
        }
      ],
      "Name": "Cadbury Crunchie "
    },
    {
      "Products": [
        {
          "Stockcode": 829138,
          "CupPrice": 1.28,
          "CupMeasure": "100G",
          "CupString": "$1.28 / 100G",
          "HasCupPrice": true,
          "Price": 2.3,
          "Name": "Cadbury Crunchie Sharepack",
          "UrlFriendlyName": "cadbury-crunchie-sharepack",
          "Description": " Cadbury Crunchie Sharepack 12pk 180g",
          "SmallImageFile": "https://wowprodmedia002aae.azureedge.net/content/wowproductimages/small/829138.jpg",
          "MediumImageFile": "https://wowprodmedia002aae.azureedge.net/content/wowproductimages/medium/829138.jpg",
          "LargeImageFile": "https://wowprodmedia002aae.azureedge.net/content/wowproductimages/large/829138.jpg",
          "IsNew": false,
          "IsOnSpecial": true,
          "IsEdrSpecial": false,
          "SavingsAmount": 2.3,
          "WasPrice": 4.6,
          "QuantityInTrolley": 0,
          "Unit": "Each",
          "MinimumQuantity": 1,
          "IsInTrolley": false,
          "Source": "SearchProducts",
          "SupplyLimit": 36,
          "PackageSize": "12pk 180g",
          "IsPmDelivery": false,
          "IsForCollection": true,
          "IsForDelivery": true,
          "CentreTag": {
            "TagContent": null,
            "TagLink": null,
            "FallbackText": null,
            "TagType": "None"
          },
          "IsCentreTag": false,
          "ImageTag": {
            "TagContent": "/content/promotiontags/bni-roundel.png",
            "TagLink": null,
            "FallbackText": "BIG NIGHT IN - BUY TO WIN",
            "TagType": "None"
          },
          "HeaderTag": {
            "BackgroundColor": "#fd0",
            "BorderColor": "#fd0",
            "TextColor": "#000",
            "Content": "Save $2.30",
            "TagLink": null,
            "Promotion": "Special"
          },
          "HasHeaderTag": true,
          "UnitWeightInGrams": 180,
          "SupplyLimitMessage": "'Cadbury Crunchie Sharepack' has a supply limit of 36. The quantity in your cart has been reduced accordingly. To purchase a larger quantity, please contact us on 1800 000 610, or e-mail us at shoponline@woolworths.com.au. Please note - we do not supply trade orders.",
          "SmallFormatDescription": "Cadbury Crunchie Sharepack",
          "FullDescription": "Cadbury Crunchie Sharepack",
          "IsAvailable": true,
          "AgeRestricted": false,
          "DisplayQuantity": 1,
          "RichDescription": "<p>Miniature sized</p>",
          "IsDeliveryPass": false,
          "HideWasSavedPrice": false,
          "SapCategories": null,
          "Brand": "cadbury",
          "FooterTag": {
            "TagContent": null,
            "TagLink": null,
            "FallbackText": null,
            "TagType": "None"
          },
          "IsFooterEnabled": false,
          "Diagnostics": null,
          "IsBundle": false,
          "ChildProducts": []
        }
      ],
      "Name": "Cadbury Crunchie Sharepack"
    },
    {
      "Products": [
        {
          "Stockcode": 941152,
          "CupPrice": 1.43,
          "CupMeasure": "100G",
          "CupString": "$1.43 / 100G",
          "HasCupPrice": true,
          "Price": 5,
          "Name": "Cadbury Dairy Milk Picnic",
          "UrlFriendlyName": "cadbury-dairy-milk-picnic",
          "Description": " Cadbury Dairy Milk Picnic 350g block",
          "SmallImageFile": "https://wowprodmedia002aae.azureedge.net/content/wowproductimages/small/941152.jpg",
          "MediumImageFile": "https://wowprodmedia002aae.azureedge.net/content/wowproductimages/medium/941152.jpg",
          "LargeImageFile": "https://wowprodmedia002aae.azureedge.net/content/wowproductimages/large/941152.jpg",
          "IsNew": false,
          "IsOnSpecial": false,
          "IsEdrSpecial": false,
          "SavingsAmount": 0,
          "WasPrice": 5,
          "QuantityInTrolley": 0,
          "Unit": "Each",
          "MinimumQuantity": 1,
          "IsInTrolley": false,
          "Source": "SearchProducts",
          "SupplyLimit": 36,
          "PackageSize": "350g block",
          "IsPmDelivery": false,
          "IsForCollection": true,
          "IsForDelivery": true,
          "CentreTag": {
            "TagContent": null,
            "TagLink": null,
            "FallbackText": null,
            "TagType": "None"
          },
          "IsCentreTag": false,
          "ImageTag": {
            "TagContent": "/content/promotiontags/bni-roundel.png",
            "TagLink": null,
            "FallbackText": "BIG NIGHT IN - BUY TO WIN",
            "TagType": "None"
          },
          "HeaderTag": null,
          "HasHeaderTag": false,
          "UnitWeightInGrams": 350,
          "SupplyLimitMessage": "'Cadbury Dairy Milk Picnic' has a supply limit of 36. The quantity in your cart has been reduced accordingly. To purchase a larger quantity, please contact us on 1800 000 610, or e-mail us at shoponline@woolworths.com.au. Please note - we do not supply trade orders.",
          "SmallFormatDescription": "Cadbury Dairy Milk Picnic",
          "FullDescription": "Cadbury Dairy Milk Picnic",
          "IsAvailable": true,
          "AgeRestricted": false,
          "DisplayQuantity": 1,
          "RichDescription": null,
          "IsDeliveryPass": false,
          "HideWasSavedPrice": false,
          "SapCategories": null,
          "Brand": "cadbury",
          "FooterTag": {
            "TagContent": null,
            "TagLink": null,
            "FallbackText": null,
            "TagType": "None"
          },
          "IsFooterEnabled": false,
          "Diagnostics": null,
          "IsBundle": false,
          "ChildProducts": []
        }
      ],
      "Name": "Cadbury Dairy Milk Picnic"
    },
    {
      "Products": [
        {
          "Stockcode": 782870,
          "CupPrice": 7.65,
          "CupMeasure": "100G",
          "CupString": "$7.65 / 100G",
          "HasCupPrice": true,
          "Price": 1.99,
          "Name": "Cadbury Snack Sandwich",
          "UrlFriendlyName": "cadbury-snack-sandwich",
          "Description": " Cadbury Snack Sandwich 22g",
          "SmallImageFile": "https://wowprodmedia002aae.azureedge.net/content/wowproductimages/small/782870.jpg",
          "MediumImageFile": "https://wowprodmedia002aae.azureedge.net/content/wowproductimages/medium/782870.jpg",
          "LargeImageFile": "https://wowprodmedia002aae.azureedge.net/content/wowproductimages/large/782870.jpg",
          "IsNew": false,
          "IsOnSpecial": false,
          "IsEdrSpecial": false,
          "SavingsAmount": 0.00,
          "WasPrice": 1.99,
          "QuantityInTrolley": 0,
          "Unit": "Each",
          "MinimumQuantity": 1,
          "IsInTrolley": false,
          "Source": "SearchProducts",
          "SupplyLimit": 36,
          "PackageSize": "22g",
          "IsPmDelivery": false,
          "IsForCollection": true,
          "IsForDelivery": true,
          "CentreTag": {
            "TagContent": null,
            "TagLink": null,
            "FallbackText": null,
            "TagType": "None"
          },
          "IsCentreTag": false,
          "ImageTag": {
            "TagContent": "/content/promotiontags/bni-roundel.png",
            "TagLink": null,
            "FallbackText": "BIG NIGHT IN - BUY TO WIN",
            "TagType": "None"
          },
          "HeaderTag": null,
          "HasHeaderTag": false,
          "UnitWeightInGrams": 26,
          "SupplyLimitMessage": "'Cadbury Snack Sandwich' has a supply limit of 36. The quantity in your cart has been reduced accordingly. To purchase a larger quantity, please contact us on 1800 000 610, or e-mail us at shoponline@woolworths.com.au. Please note - we do not supply trade orders.",
          "SmallFormatDescription": "Cadbury Snack Sandwich",
          "FullDescription": "Cadbury Snack Sandwich",
          "IsAvailable": true,
          "AgeRestricted": false,
          "DisplayQuantity": 1,
          "RichDescription": null,
          "IsDeliveryPass": false,
          "HideWasSavedPrice": false,
          "SapCategories": null,
          "Brand": "cadbury",
          "FooterTag": {
            "TagContent": null,
            "TagLink": null,
            "FallbackText": null,
            "TagType": "None"
          },
          "IsFooterEnabled": false,
          "Diagnostics": null,
          "IsBundle": false,
          "ChildProducts": []
        }
      ],
      "Name": "Cadbury Snack Sandwich"
    },
    {
      "Products": [
        {
          "Stockcode": 446480,
          "CupPrice": 2.5,
          "CupMeasure": "100G",
          "CupString": "$2.50 / 100G",
          "HasCupPrice": true,
          "Price": 4,
          "Name": "Cadbury Lolly Bag ",
          "UrlFriendlyName": "cadbury-lolly-bag",
          "Description": " Cadbury Lolly Bag  160g bag",
          "SmallImageFile": "https://wowprodmedia002aae.azureedge.net/content/wowproductimages/small/446480.jpg",
          "MediumImageFile": "https://wowprodmedia002aae.azureedge.net/content/wowproductimages/medium/446480.jpg",
          "LargeImageFile": "https://wowprodmedia002aae.azureedge.net/content/wowproductimages/large/446480.jpg",
          "IsNew": false,
          "IsOnSpecial": false,
          "IsEdrSpecial": false,
          "SavingsAmount": 0,
          "WasPrice": 4,
          "QuantityInTrolley": 0,
          "Unit": "Each",
          "MinimumQuantity": 1,
          "IsInTrolley": false,
          "Source": "SearchProducts",
          "SupplyLimit": 36,
          "PackageSize": "160g bag",
          "IsPmDelivery": false,
          "IsForCollection": true,
          "IsForDelivery": true,
          "CentreTag": {
            "TagContent": null,
            "TagLink": null,
            "FallbackText": null,
            "TagType": "None"
          },
          "IsCentreTag": false,
          "ImageTag": {
            "TagContent": "/content/promotiontags/bni-roundel.png",
            "TagLink": null,
            "FallbackText": "BIG NIGHT IN - BUY TO WIN",
            "TagType": "None"
          },
          "HeaderTag": null,
          "HasHeaderTag": false,
          "UnitWeightInGrams": 161,
          "SupplyLimitMessage": "'Cadbury Lolly Bag ' has a supply limit of 36. The quantity in your cart has been reduced accordingly. To purchase a larger quantity, please contact us on 1800 000 610, or e-mail us at shoponline@woolworths.com.au. Please note - we do not supply trade orders.",
          "SmallFormatDescription": "Cadbury Lolly Bag ",
          "FullDescription": "Cadbury Lolly Bag ",
          "IsAvailable": true,
          "AgeRestricted": false,
          "DisplayQuantity": 1,
          "RichDescription": null,
          "IsDeliveryPass": false,
          "HideWasSavedPrice": false,
          "SapCategories": null,
          "Brand": "cadbury",
          "FooterTag": {
            "TagContent": null,
            "TagLink": null,
            "FallbackText": null,
            "TagType": "None"
          },
          "IsFooterEnabled": false,
          "Diagnostics": null,
          "IsBundle": false,
          "ChildProducts": []
        }
      ],
      "Name": "Cadbury Lolly Bag "
    },
    {
      "Products": [
        {
          "Stockcode": 828973,
          "CupPrice": 2.5,
          "CupMeasure": "100G",
          "CupString": "$2.50 / 100G",
          "HasCupPrice": true,
          "Price": 4,
          "Name": "Cadbury Caramels ",
          "UrlFriendlyName": "cadbury-caramels",
          "Description": " Cadbury Caramels  160g bag",
          "SmallImageFile": "https://wowprodmedia002aae.azureedge.net/content/wowproductimages/small/828973.jpg",
          "MediumImageFile": "https://wowprodmedia002aae.azureedge.net/content/wowproductimages/medium/828973.jpg",
          "LargeImageFile": "https://wowprodmedia002aae.azureedge.net/content/wowproductimages/large/828973.jpg",
          "IsNew": false,
          "IsOnSpecial": false,
          "IsEdrSpecial": false,
          "SavingsAmount": 0,
          "WasPrice": 4,
          "QuantityInTrolley": 0,
          "Unit": "Each",
          "MinimumQuantity": 1,
          "IsInTrolley": false,
          "Source": "SearchProducts",
          "SupplyLimit": 36,
          "PackageSize": "160g bag",
          "IsPmDelivery": false,
          "IsForCollection": true,
          "IsForDelivery": true,
          "CentreTag": {
            "TagContent": null,
            "TagLink": null,
            "FallbackText": null,
            "TagType": "None"
          },
          "IsCentreTag": false,
          "ImageTag": {
            "TagContent": "/content/promotiontags/bni-roundel.png",
            "TagLink": null,
            "FallbackText": "BIG NIGHT IN - BUY TO WIN",
            "TagType": "None"
          },
          "HeaderTag": null,
          "HasHeaderTag": false,
          "UnitWeightInGrams": 160,
          "SupplyLimitMessage": "'Cadbury Caramels ' has a supply limit of 36. The quantity in your cart has been reduced accordingly. To purchase a larger quantity, please contact us on 1800 000 610, or e-mail us at shoponline@woolworths.com.au. Please note - we do not supply trade orders.",
          "SmallFormatDescription": "Cadbury Caramels ",
          "FullDescription": "Cadbury Caramels ",
          "IsAvailable": true,
          "AgeRestricted": false,
          "DisplayQuantity": 1,
          "RichDescription": null,
          "IsDeliveryPass": false,
          "HideWasSavedPrice": false,
          "SapCategories": null,
          "Brand": "cadbury",
          "FooterTag": {
            "TagContent": null,
            "TagLink": null,
            "FallbackText": null,
            "TagType": "None"
          },
          "IsFooterEnabled": false,
          "Diagnostics": null,
          "IsBundle": false,
          "ChildProducts": []
        }
      ],
      "Name": "Cadbury Caramels "
    },
    {
      "Products": [
        {
          "Stockcode": 505277,
          "CupPrice": 0.8,
          "CupMeasure": "100ML",
          "CupString": "$0.80 / 100ML",
          "HasCupPrice": true,
          "Price": 4,
          "Name": "Cadbury Ice Cream Caramello",
          "UrlFriendlyName": "cadbury-ice-cream-caramello",
          "Description": " Cadbury Ice Cream Caramello 500ml tub",
          "SmallImageFile": "https://wowprodmedia002aae.azureedge.net/content/wowproductimages/small/505277.jpg",
          "MediumImageFile": "https://wowprodmedia002aae.azureedge.net/content/wowproductimages/medium/505277.jpg",
          "LargeImageFile": "https://wowprodmedia002aae.azureedge.net/content/wowproductimages/large/505277.jpg",
          "IsNew": false,
          "IsOnSpecial": true,
          "IsEdrSpecial": false,
          "SavingsAmount": 1,
          "WasPrice": 5,
          "QuantityInTrolley": 0,
          "Unit": "Each",
          "MinimumQuantity": 1,
          "IsInTrolley": false,
          "Source": "SearchProducts",
          "SupplyLimit": 36,
          "PackageSize": "500ml tub",
          "IsPmDelivery": false,
          "IsForCollection": true,
          "IsForDelivery": true,
          "CentreTag": {
            "TagContent": null,
            "TagLink": null,
            "FallbackText": null,
            "TagType": "None"
          },
          "IsCentreTag": false,
          "ImageTag": {
            "TagContent": "/content/promotiontags/bni-roundel.png",
            "TagLink": null,
            "FallbackText": "BIG NIGHT IN - BUY TO WIN",
            "TagType": "None"
          },
          "HeaderTag": {
            "BackgroundColor": "#fd0",
            "BorderColor": "#fd0",
            "TextColor": "#000",
            "Content": "Save $1.00",
            "TagLink": null,
            "Promotion": "Special"
          },
          "HasHeaderTag": true,
          "UnitWeightInGrams": 356,
          "SupplyLimitMessage": "'Cadbury Ice Cream Caramello' has a supply limit of 36. The quantity in your cart has been reduced accordingly. To purchase a larger quantity, please contact us on 1800 000 610, or e-mail us at shoponline@woolworths.com.au. Please note - we do not supply trade orders.",
          "SmallFormatDescription": "Cadbury Ice Cream Caramello",
          "FullDescription": "Cadbury Ice Cream Caramello",
          "IsAvailable": true,
          "AgeRestricted": false,
          "DisplayQuantity": 1,
          "RichDescription": null,
          "IsDeliveryPass": false,
          "HideWasSavedPrice": false,
          "SapCategories": null,
          "Brand": "cadbury",
          "FooterTag": {
            "TagContent": "<div class=\"productTag-pricedropped\" style=\"\r\nheight:46px;\r\nposition:absolute;\r\ntop:-4px;\r\nleft:0;\r\nwidth:100%;\r\nbackground:white;\r\noutline: 1px solid #c20016;\r\ntext-align:center;\">\r\n\r\n<img src=\"https://wowpmediaaae.azureedge.net/content/content/pricedropped-footer-transparent.png\" width=\"204px\" height=\"16px\" alt=\"Price Dropped\" style=\"display:inline-block;margin-top:15px;max-width: 100%;\">\r\n</div>",
            "TagLink": null,
            "FallbackText": null,
            "TagType": "Html"
          },
          "IsFooterEnabled": true,
          "Diagnostics": null,
          "IsBundle": false,
          "ChildProducts": []
        }
      ],
      "Name": "Cadbury Ice Cream Caramello"
    },
    {
      "Products": [
        {
          "Stockcode": 830185,
          "CupPrice": 1.11,
          "CupMeasure": "100G",
          "CupString": "$1.11 / 100G",
          "HasCupPrice": true,
          "Price": 2,
          "Name": "Cadbury Breakaway Dark Chocolate Biscuit",
          "UrlFriendlyName": "cadbury-breakaway-dark-chocolate-biscuit",
          "Description": " Cadbury Breakaway Dark<br>Chocolate Biscuit 180g",
          "SmallImageFile": "https://wowprodmedia002aae.azureedge.net/content/wowproductimages/small/830185.jpg",
          "MediumImageFile": "https://wowprodmedia002aae.azureedge.net/content/wowproductimages/medium/830185.jpg",
          "LargeImageFile": "https://wowprodmedia002aae.azureedge.net/content/wowproductimages/large/830185.jpg",
          "IsNew": false,
          "IsOnSpecial": true,
          "IsEdrSpecial": false,
          "SavingsAmount": 2,
          "WasPrice": 4,
          "QuantityInTrolley": 0,
          "Unit": "Each",
          "MinimumQuantity": 1,
          "IsInTrolley": false,
          "Source": "SearchProducts",
          "SupplyLimit": 36,
          "PackageSize": "180g",
          "IsPmDelivery": false,
          "IsForCollection": true,
          "IsForDelivery": true,
          "CentreTag": {
            "TagContent": null,
            "TagLink": null,
            "FallbackText": null,
            "TagType": "None"
          },
          "IsCentreTag": false,
          "ImageTag": {
            "TagContent": "/content/promotiontags/bni-roundel.png",
            "TagLink": null,
            "FallbackText": "BIG NIGHT IN - BUY TO WIN",
            "TagType": "None"
          },
          "HeaderTag": {
            "BackgroundColor": "#fd0",
            "BorderColor": "#fd0",
            "TextColor": "#000",
            "Content": "Save $2.00",
            "TagLink": null,
            "Promotion": "Special"
          },
          "HasHeaderTag": true,
          "UnitWeightInGrams": 180,
          "SupplyLimitMessage": "'Cadbury Breakaway Dark Chocolate Biscuit' has a supply limit of 36. The quantity in your cart has been reduced accordingly. To purchase a larger quantity, please contact us on 1800 000 610, or e-mail us at shoponline@woolworths.com.au. Please note - we do not supply trade orders.",
          "SmallFormatDescription": "Cadbury Breakaway Dark Chocolate Biscuit",
          "FullDescription": "Cadbury Breakaway Dark Chocolate Biscuit",
          "IsAvailable": true,
          "AgeRestricted": false,
          "DisplayQuantity": 1,
          "RichDescription": null,
          "IsDeliveryPass": false,
          "HideWasSavedPrice": false,
          "SapCategories": null,
          "Brand": "cadbury",
          "FooterTag": {
            "TagContent": null,
            "TagLink": null,
            "FallbackText": null,
            "TagType": "None"
          },
          "IsFooterEnabled": false,
          "Diagnostics": null,
          "IsBundle": false,
          "ChildProducts": []
        }
      ],
      "Name": "Cadbury Breakaway Dark Chocolate Biscuit"
    },
    {
      "Products": [
        {
          "Stockcode": 830183,
          "CupPrice": 1.11,
          "CupMeasure": "100G",
          "CupString": "$1.11 / 100G",
          "HasCupPrice": true,
          "Price": 2,
          "Name": "Cadbury Breakaway Milk Chocolate Biscuit",
          "UrlFriendlyName": "cadbury-breakaway-milk-chocolate-biscuit",
          "Description": " Cadbury Breakaway Milk<br>Chocolate Biscuit 180g",
          "SmallImageFile": "https://wowprodmedia002aae.azureedge.net/content/wowproductimages/small/830183.jpg",
          "MediumImageFile": "https://wowprodmedia002aae.azureedge.net/content/wowproductimages/medium/830183.jpg",
          "LargeImageFile": "https://wowprodmedia002aae.azureedge.net/content/wowproductimages/large/830183.jpg",
          "IsNew": false,
          "IsOnSpecial": true,
          "IsEdrSpecial": false,
          "SavingsAmount": 2,
          "WasPrice": 4,
          "QuantityInTrolley": 0,
          "Unit": "Each",
          "MinimumQuantity": 1,
          "IsInTrolley": false,
          "Source": "SearchProducts",
          "SupplyLimit": 36,
          "PackageSize": "180g",
          "IsPmDelivery": false,
          "IsForCollection": true,
          "IsForDelivery": true,
          "CentreTag": {
            "TagContent": null,
            "TagLink": null,
            "FallbackText": null,
            "TagType": "None"
          },
          "IsCentreTag": false,
          "ImageTag": {
            "TagContent": "/content/promotiontags/bni-roundel.png",
            "TagLink": null,
            "FallbackText": "BIG NIGHT IN - BUY TO WIN",
            "TagType": "None"
          },
          "HeaderTag": {
            "BackgroundColor": "#fd0",
            "BorderColor": "#fd0",
            "TextColor": "#000",
            "Content": "Save $2.00",
            "TagLink": null,
            "Promotion": "Special"
          },
          "HasHeaderTag": true,
          "UnitWeightInGrams": 180,
          "SupplyLimitMessage": "'Cadbury Breakaway Milk Chocolate Biscuit' has a supply limit of 36. The quantity in your cart has been reduced accordingly. To purchase a larger quantity, please contact us on 1800 000 610, or e-mail us at shoponline@woolworths.com.au. Please note - we do not supply trade orders.",
          "SmallFormatDescription": "Cadbury Breakaway Milk Chocolate Biscuit",
          "FullDescription": "Cadbury Breakaway Milk Chocolate Biscuit",
          "IsAvailable": true,
          "AgeRestricted": false,
          "DisplayQuantity": 1,
          "RichDescription": null,
          "IsDeliveryPass": false,
          "HideWasSavedPrice": false,
          "SapCategories": null,
          "Brand": "cadbury",
          "FooterTag": {
            "TagContent": null,
            "TagLink": null,
            "FallbackText": null,
            "TagType": "None"
          },
          "IsFooterEnabled": false,
          "Diagnostics": null,
          "IsBundle": false,
          "ChildProducts": []
        }
      ],
      "Name": "Cadbury Breakaway Milk Chocolate Biscuit"
    },
    {
      "Products": [
        {
          "Stockcode": 490219,
          "CupPrice": 1.5,
          "CupMeasure": "100G",
          "CupString": "$1.50 / 100G",
          "HasCupPrice": true,
          "Price": 3,
          "Name": "Cadbury Baking Chocolate Chips White",
          "UrlFriendlyName": "cadbury-baking-chocolate-chips-white",
          "Description": " Cadbury Baking Chocolate<br>Chips White 200g",
          "SmallImageFile": "https://wowprodmedia002aae.azureedge.net/content/wowproductimages/small/490219.jpg",
          "MediumImageFile": "https://wowprodmedia002aae.azureedge.net/content/wowproductimages/medium/490219.jpg",
          "LargeImageFile": "https://wowprodmedia002aae.azureedge.net/content/wowproductimages/large/490219.jpg",
          "IsNew": false,
          "IsOnSpecial": true,
          "IsEdrSpecial": false,
          "SavingsAmount": 1.25,
          "WasPrice": 4.25,
          "QuantityInTrolley": 0,
          "Unit": "Each",
          "MinimumQuantity": 1,
          "IsInTrolley": false,
          "Source": "SearchProducts",
          "SupplyLimit": 36,
          "PackageSize": "200g",
          "IsPmDelivery": false,
          "IsForCollection": true,
          "IsForDelivery": true,
          "CentreTag": {
            "TagContent": null,
            "TagLink": null,
            "FallbackText": null,
            "TagType": "None"
          },
          "IsCentreTag": false,
          "ImageTag": {
            "TagContent": "/content/promotiontags/bni-roundel.png",
            "TagLink": null,
            "FallbackText": "BIG NIGHT IN - BUY TO WIN",
            "TagType": "None"
          },
          "HeaderTag": {
            "BackgroundColor": "#fd0",
            "BorderColor": "#fd0",
            "TextColor": "#000",
            "Content": "Save $1.25",
            "TagLink": null,
            "Promotion": "Special"
          },
          "HasHeaderTag": true,
          "UnitWeightInGrams": 202,
          "SupplyLimitMessage": "'Cadbury Baking Chocolate Chips White' has a supply limit of 36. The quantity in your cart has been reduced accordingly. To purchase a larger quantity, please contact us on 1800 000 610, or e-mail us at shoponline@woolworths.com.au. Please note - we do not supply trade orders.",
          "SmallFormatDescription": "Cadbury Baking Chocolate Chips White",
          "FullDescription": "Cadbury Baking Chocolate Chips White",
          "IsAvailable": true,
          "AgeRestricted": false,
          "DisplayQuantity": 1,
          "RichDescription": null,
          "IsDeliveryPass": false,
          "HideWasSavedPrice": false,
          "SapCategories": null,
          "Brand": "cadbury",
          "FooterTag": {
            "TagContent": null,
            "TagLink": null,
            "FallbackText": null,
            "TagType": "None"
          },
          "IsFooterEnabled": false,
          "Diagnostics": null,
          "IsBundle": false,
          "ChildProducts": []
        }
      ],
      "Name": "Cadbury Baking Chocolate Chips White"
    },
    {
      "Products": [
        {
          "Stockcode": 829002,
          "CupPrice": 1.5,
          "CupMeasure": "100G",
          "CupString": "$1.50 / 100G",
          "HasCupPrice": true,
          "Price": 3,
          "Name": "Cadbury Baking White Chocolate Block",
          "UrlFriendlyName": "cadbury-baking-white-chocolate-block",
          "Description": " Cadbury Baking White<br>Chocolate Block 200g",
          "SmallImageFile": "https://wowprodmedia002aae.azureedge.net/content/wowproductimages/small/829002.jpg",
          "MediumImageFile": "https://wowprodmedia002aae.azureedge.net/content/wowproductimages/medium/829002.jpg",
          "LargeImageFile": "https://wowprodmedia002aae.azureedge.net/content/wowproductimages/large/829002.jpg",
          "IsNew": false,
          "IsOnSpecial": true,
          "IsEdrSpecial": false,
          "SavingsAmount": 1.5,
          "WasPrice": 4.5,
          "QuantityInTrolley": 0,
          "Unit": "Each",
          "MinimumQuantity": 1,
          "IsInTrolley": false,
          "Source": "SearchProducts",
          "SupplyLimit": 36,
          "PackageSize": "200g",
          "IsPmDelivery": false,
          "IsForCollection": true,
          "IsForDelivery": true,
          "CentreTag": {
            "TagContent": null,
            "TagLink": null,
            "FallbackText": null,
            "TagType": "None"
          },
          "IsCentreTag": false,
          "ImageTag": {
            "TagContent": "/content/promotiontags/bni-roundel.png",
            "TagLink": null,
            "FallbackText": "BIG NIGHT IN - BUY TO WIN",
            "TagType": "None"
          },
          "HeaderTag": {
            "BackgroundColor": "#fd0",
            "BorderColor": "#fd0",
            "TextColor": "#000",
            "Content": "Save $1.50",
            "TagLink": null,
            "Promotion": "Special"
          },
          "HasHeaderTag": true,
          "UnitWeightInGrams": 200,
          "SupplyLimitMessage": "'Cadbury Baking White Chocolate Block' has a supply limit of 36. The quantity in your cart has been reduced accordingly. To purchase a larger quantity, please contact us on 1800 000 610, or e-mail us at shoponline@woolworths.com.au. Please note - we do not supply trade orders.",
          "SmallFormatDescription": "Cadbury Baking White Chocolate Block",
          "FullDescription": "Cadbury Baking White Chocolate Block",
          "IsAvailable": true,
          "AgeRestricted": false,
          "DisplayQuantity": 1,
          "RichDescription": null,
          "IsDeliveryPass": false,
          "HideWasSavedPrice": false,
          "SapCategories": null,
          "Brand": "cadbury",
          "FooterTag": {
            "TagContent": null,
            "TagLink": null,
            "FallbackText": null,
            "TagType": "None"
          },
          "IsFooterEnabled": false,
          "Diagnostics": null,
          "IsBundle": false,
          "ChildProducts": []
        }
      ],
      "Name": "Cadbury Baking White Chocolate Block"
    },
    {
      "Products": [
        {
          "Stockcode": 828994,
          "CupPrice": 1.5,
          "CupMeasure": "100G",
          "CupString": "$1.50 / 100G",
          "HasCupPrice": true,
          "Price": 3,
          "Name": "Cadbury Baking Dark Chocolate Chips",
          "UrlFriendlyName": "cadbury-baking-dark-chocolate-chips",
          "Description": " Cadbury Baking Dark<br>Chocolate Chips 200g",
          "SmallImageFile": "https://wowprodmedia002aae.azureedge.net/content/wowproductimages/small/828994.jpg",
          "MediumImageFile": "https://wowprodmedia002aae.azureedge.net/content/wowproductimages/medium/828994.jpg",
          "LargeImageFile": "https://wowprodmedia002aae.azureedge.net/content/wowproductimages/large/828994.jpg",
          "IsNew": false,
          "IsOnSpecial": true,
          "IsEdrSpecial": false,
          "SavingsAmount": 1.25,
          "WasPrice": 4.25,
          "QuantityInTrolley": 0,
          "Unit": "Each",
          "MinimumQuantity": 1,
          "IsInTrolley": false,
          "Source": "SearchProducts",
          "SupplyLimit": 36,
          "PackageSize": "200g",
          "IsPmDelivery": false,
          "IsForCollection": true,
          "IsForDelivery": true,
          "CentreTag": {
            "TagContent": null,
            "TagLink": null,
            "FallbackText": null,
            "TagType": "None"
          },
          "IsCentreTag": false,
          "ImageTag": {
            "TagContent": "/content/promotiontags/bni-roundel.png",
            "TagLink": null,
            "FallbackText": "BIG NIGHT IN - BUY TO WIN",
            "TagType": "None"
          },
          "HeaderTag": {
            "BackgroundColor": "#fd0",
            "BorderColor": "#fd0",
            "TextColor": "#000",
            "Content": "Save $1.25",
            "TagLink": null,
            "Promotion": "Special"
          },
          "HasHeaderTag": true,
          "UnitWeightInGrams": 202,
          "SupplyLimitMessage": "'Cadbury Baking Dark Chocolate Chips' has a supply limit of 36. The quantity in your cart has been reduced accordingly. To purchase a larger quantity, please contact us on 1800 000 610, or e-mail us at shoponline@woolworths.com.au. Please note - we do not supply trade orders.",
          "SmallFormatDescription": "Cadbury Baking Dark Chocolate Chips",
          "FullDescription": "Cadbury Baking Dark Chocolate Chips",
          "IsAvailable": true,
          "AgeRestricted": false,
          "DisplayQuantity": 1,
          "RichDescription": null,
          "IsDeliveryPass": false,
          "HideWasSavedPrice": false,
          "SapCategories": null,
          "Brand": "cadbury",
          "FooterTag": {
            "TagContent": null,
            "TagLink": null,
            "FallbackText": null,
            "TagType": "None"
          },
          "IsFooterEnabled": false,
          "Diagnostics": null,
          "IsBundle": false,
          "ChildProducts": []
        }
      ],
      "Name": "Cadbury Baking Dark Chocolate Chips"
    },
    {
      "Products": [
        {
          "Stockcode": 574898,
          "CupPrice": 1.56,
          "CupMeasure": "100G",
          "CupString": "$1.56 / 100G",
          "HasCupPrice": true,
          "Price": 2.5,
          "Name": "Cadbury Dark Milk Crunchy Salted Caramel",
          "UrlFriendlyName": "cadbury-dark-milk-crunchy-salted-caramel",
          "Description": " Cadbury Dark Milk Crunchy<br>Salted... 160g block",
          "SmallImageFile": "https://wowprodmedia002aae.azureedge.net/content/wowproductimages/small/574898.jpg",
          "MediumImageFile": "https://wowprodmedia002aae.azureedge.net/content/wowproductimages/medium/574898.jpg",
          "LargeImageFile": "https://wowprodmedia002aae.azureedge.net/content/wowproductimages/large/574898.jpg",
          "IsNew": false,
          "IsOnSpecial": true,
          "IsEdrSpecial": false,
          "SavingsAmount": 2.5,
          "WasPrice": 5,
          "QuantityInTrolley": 0,
          "Unit": "Each",
          "MinimumQuantity": 1,
          "IsInTrolley": false,
          "Source": "SearchProducts",
          "SupplyLimit": 36,
          "PackageSize": "160g block",
          "IsPmDelivery": false,
          "IsForCollection": true,
          "IsForDelivery": true,
          "CentreTag": {
            "TagContent": null,
            "TagLink": null,
            "FallbackText": null,
            "TagType": "None"
          },
          "IsCentreTag": false,
          "ImageTag": {
            "TagContent": "/content/promotiontags/bni-roundel.png",
            "TagLink": null,
            "FallbackText": "BIG NIGHT IN - BUY TO WIN",
            "TagType": "None"
          },
          "HeaderTag": {
            "BackgroundColor": "#fd0",
            "BorderColor": "#fd0",
            "TextColor": "#000",
            "Content": "Save $2.50",
            "TagLink": null,
            "Promotion": "Special"
          },
          "HasHeaderTag": true,
          "UnitWeightInGrams": 162,
          "SupplyLimitMessage": "'Cadbury Dark Milk Crunchy Salted Caramel' has a supply limit of 36. The quantity in your cart has been reduced accordingly. To purchase a larger quantity, please contact us on 1800 000 610, or e-mail us at shoponline@woolworths.com.au. Please note - we do not supply trade orders.",
          "SmallFormatDescription": "Cadbury Dark Milk Crunchy Salted Caramel",
          "FullDescription": "Cadbury Dark Milk Crunchy Salted Caramel",
          "IsAvailable": true,
          "AgeRestricted": false,
          "DisplayQuantity": 1,
          "RichDescription": null,
          "IsDeliveryPass": false,
          "HideWasSavedPrice": false,
          "SapCategories": null,
          "Brand": "cadbury",
          "FooterTag": {
            "TagContent": null,
            "TagLink": null,
            "FallbackText": null,
            "TagType": "None"
          },
          "IsFooterEnabled": false,
          "Diagnostics": null,
          "IsBundle": false,
          "ChildProducts": []
        }
      ],
      "Name": "Cadbury Dark Milk Crunchy Salted Caramel"
    },
    {
      "Products": [
        {
          "Stockcode": 490966,
          "CupPrice": 2.13,
          "CupMeasure": "100G",
          "CupString": "$2.13 / 100G",
          "HasCupPrice": true,
          "Price": 5,
          "Name": "Cadbury Cakes Mini Rolls",
          "UrlFriendlyName": "cadbury-cakes-mini-rolls",
          "Description": " Cadbury Cakes Mini Rolls 12pk 235g",
          "SmallImageFile": "https://wowprodmedia002aae.azureedge.net/content/wowproductimages/small/490966.jpg",
          "MediumImageFile": "https://wowprodmedia002aae.azureedge.net/content/wowproductimages/medium/490966.jpg",
          "LargeImageFile": "https://wowprodmedia002aae.azureedge.net/content/wowproductimages/large/490966.jpg",
          "IsNew": false,
          "IsOnSpecial": false,
          "IsEdrSpecial": false,
          "SavingsAmount": 0,
          "WasPrice": 5,
          "QuantityInTrolley": 0,
          "Unit": "Each",
          "MinimumQuantity": 1,
          "IsInTrolley": false,
          "Source": "SearchProducts",
          "SupplyLimit": 36,
          "PackageSize": "12pk 235g",
          "IsPmDelivery": false,
          "IsForCollection": true,
          "IsForDelivery": true,
          "CentreTag": {
            "TagContent": null,
            "TagLink": null,
            "FallbackText": null,
            "TagType": "None"
          },
          "IsCentreTag": false,
          "ImageTag": {
            "TagContent": "/content/promotiontags/bni-roundel.png",
            "TagLink": null,
            "FallbackText": "BIG NIGHT IN - BUY TO WIN",
            "TagType": "None"
          },
          "HeaderTag": null,
          "HasHeaderTag": false,
          "UnitWeightInGrams": 327,
          "SupplyLimitMessage": "'Cadbury Cakes Mini Rolls' has a supply limit of 36. The quantity in your cart has been reduced accordingly. To purchase a larger quantity, please contact us on 1800 000 610, or e-mail us at shoponline@woolworths.com.au. Please note - we do not supply trade orders.",
          "SmallFormatDescription": "Cadbury Cakes Mini Rolls",
          "FullDescription": "Cadbury Cakes Mini Rolls",
          "IsAvailable": true,
          "AgeRestricted": false,
          "DisplayQuantity": 1,
          "RichDescription": null,
          "IsDeliveryPass": false,
          "HideWasSavedPrice": false,
          "SapCategories": null,
          "Brand": "cadbury",
          "FooterTag": {
            "TagContent": null,
            "TagLink": null,
            "FallbackText": null,
            "TagType": "None"
          },
          "IsFooterEnabled": false,
          "Diagnostics": null,
          "IsBundle": false,
          "ChildProducts": []
        }
      ],
      "Name": "Cadbury Cakes Mini Rolls"
    },
    {
      "Products": [
        {
          "Stockcode": 513395,
          "CupPrice": 2.67,
          "CupMeasure": "100G",
          "CupString": "$2.67 / 100G",
          "HasCupPrice": true,
          "Price": 6,
          "Name": "Cadbury Amaze Bites Chocolate",
          "UrlFriendlyName": "cadbury-amaze-bites-chocolate",
          "Description": " Cadbury Amaze Bites<br>Chocolate 260g",
          "SmallImageFile": "https://wowprodmedia002aae.azureedge.net/content/wowproductimages/small/513395.jpg",
          "MediumImageFile": "https://wowprodmedia002aae.azureedge.net/content/wowproductimages/medium/513395.jpg",
          "LargeImageFile": "https://wowprodmedia002aae.azureedge.net/content/wowproductimages/large/513395.jpg",
          "IsNew": false,
          "IsOnSpecial": false,
          "IsEdrSpecial": false,
          "SavingsAmount": 0,
          "WasPrice": 6,
          "QuantityInTrolley": 0,
          "Unit": "Each",
          "MinimumQuantity": 1,
          "IsInTrolley": false,
          "Source": "SearchProducts",
          "SupplyLimit": 36,
          "PackageSize": "260g",
          "IsPmDelivery": false,
          "IsForCollection": true,
          "IsForDelivery": true,
          "CentreTag": {
            "TagContent": null,
            "TagLink": null,
            "FallbackText": null,
            "TagType": "None"
          },
          "IsCentreTag": false,
          "ImageTag": {
            "TagContent": "/content/promotiontags/bni-roundel.png",
            "TagLink": null,
            "FallbackText": "BIG NIGHT IN - BUY TO WIN",
            "TagType": "None"
          },
          "HeaderTag": null,
          "HasHeaderTag": false,
          "UnitWeightInGrams": 260,
          "SupplyLimitMessage": "'Cadbury Amaze Bites Chocolate' has a supply limit of 36. The quantity in your cart has been reduced accordingly. To purchase a larger quantity, please contact us on 1800 000 610, or e-mail us at shoponline@woolworths.com.au. Please note - we do not supply trade orders.",
          "SmallFormatDescription": "Cadbury Amaze Bites Chocolate",
          "FullDescription": "Cadbury Amaze Bites Chocolate",
          "IsAvailable": true,
          "AgeRestricted": false,
          "DisplayQuantity": 1,
          "RichDescription": null,
          "IsDeliveryPass": false,
          "HideWasSavedPrice": false,
          "SapCategories": null,
          "Brand": "cadbury",
          "FooterTag": {
            "TagContent": null,
            "TagLink": null,
            "FallbackText": null,
            "TagType": "None"
          },
          "IsFooterEnabled": false,
          "Diagnostics": null,
          "IsBundle": false,
          "ChildProducts": []
        }
      ],
      "Name": "Cadbury Amaze Bites Chocolate"
    },
    {
      "Products": [
        {
          "Stockcode": 513485,
          "CupPrice": 2.67,
          "CupMeasure": "100G",
          "CupString": "$2.67 / 100G",
          "HasCupPrice": true,
          "Price": 6,
          "Name": "Cadbury Amaze Bites Chocolate Orange",
          "UrlFriendlyName": "cadbury-amaze-bites-chocolate-orange",
          "Description": " Cadbury Amaze Bites<br>Chocolate Orange 225g",
          "SmallImageFile": "https://wowprodmedia002aae.azureedge.net/content/wowproductimages/small/513485.jpg",
          "MediumImageFile": "https://wowprodmedia002aae.azureedge.net/content/wowproductimages/medium/513485.jpg",
          "LargeImageFile": "https://wowprodmedia002aae.azureedge.net/content/wowproductimages/large/513485.jpg",
          "IsNew": false,
          "IsOnSpecial": false,
          "IsEdrSpecial": false,
          "SavingsAmount": 0,
          "WasPrice": 6,
          "QuantityInTrolley": 0,
          "Unit": "Each",
          "MinimumQuantity": 1,
          "IsInTrolley": false,
          "Source": "SearchProducts",
          "SupplyLimit": 36,
          "PackageSize": "225g",
          "IsPmDelivery": false,
          "IsForCollection": true,
          "IsForDelivery": true,
          "CentreTag": {
            "TagContent": null,
            "TagLink": null,
            "FallbackText": null,
            "TagType": "None"
          },
          "IsCentreTag": false,
          "ImageTag": {
            "TagContent": "/content/promotiontags/bni-roundel.png",
            "TagLink": null,
            "FallbackText": "BIG NIGHT IN - BUY TO WIN",
            "TagType": "None"
          },
          "HeaderTag": null,
          "HasHeaderTag": false,
          "UnitWeightInGrams": 260,
          "SupplyLimitMessage": "'Cadbury Amaze Bites Chocolate Orange' has a supply limit of 36. The quantity in your cart has been reduced accordingly. To purchase a larger quantity, please contact us on 1800 000 610, or e-mail us at shoponline@woolworths.com.au. Please note - we do not supply trade orders.",
          "SmallFormatDescription": "Cadbury Amaze Bites Chocolate Orange",
          "FullDescription": "Cadbury Amaze Bites Chocolate Orange",
          "IsAvailable": true,
          "AgeRestricted": false,
          "DisplayQuantity": 1,
          "RichDescription": null,
          "IsDeliveryPass": false,
          "HideWasSavedPrice": false,
          "SapCategories": null,
          "Brand": "cadbury",
          "FooterTag": {
            "TagContent": null,
            "TagLink": null,
            "FallbackText": null,
            "TagType": "None"
          },
          "IsFooterEnabled": false,
          "Diagnostics": null,
          "IsBundle": false,
          "ChildProducts": []
        }
      ],
      "Name": "Cadbury Amaze Bites Chocolate Orange"
    },
    {
      "Products": [
        {
          "Stockcode": 828970,
          "CupPrice": 2.5,
          "CupMeasure": "100G",
          "CupString": "$2.50 / 100G",
          "HasCupPrice": true,
          "Price": 4,
          "Name": "Cadbury Mallow Bites Vanilla",
          "UrlFriendlyName": "cadbury-mallow-bites-vanilla",
          "Description": " Cadbury Mallow Bites Vanilla 160g bag",
          "SmallImageFile": "https://wowprodmedia002aae.azureedge.net/content/wowproductimages/small/828970.jpg",
          "MediumImageFile": "https://wowprodmedia002aae.azureedge.net/content/wowproductimages/medium/828970.jpg",
          "LargeImageFile": "https://wowprodmedia002aae.azureedge.net/content/wowproductimages/large/828970.jpg",
          "IsNew": false,
          "IsOnSpecial": false,
          "IsEdrSpecial": false,
          "SavingsAmount": 0,
          "WasPrice": 4,
          "QuantityInTrolley": 0,
          "Unit": "Each",
          "MinimumQuantity": 1,
          "IsInTrolley": false,
          "Source": "SearchProducts",
          "SupplyLimit": 36,
          "PackageSize": "160g bag",
          "IsPmDelivery": false,
          "IsForCollection": true,
          "IsForDelivery": true,
          "CentreTag": {
            "TagContent": null,
            "TagLink": null,
            "FallbackText": null,
            "TagType": "None"
          },
          "IsCentreTag": false,
          "ImageTag": {
            "TagContent": "/content/promotiontags/bni-roundel.png",
            "TagLink": null,
            "FallbackText": "BIG NIGHT IN - BUY TO WIN",
            "TagType": "None"
          },
          "HeaderTag": null,
          "HasHeaderTag": false,
          "UnitWeightInGrams": 160,
          "SupplyLimitMessage": "'Cadbury Mallow Bites Vanilla' has a supply limit of 36. The quantity in your cart has been reduced accordingly. To purchase a larger quantity, please contact us on 1800 000 610, or e-mail us at shoponline@woolworths.com.au. Please note - we do not supply trade orders.",
          "SmallFormatDescription": "Cadbury Mallow Bites Vanilla",
          "FullDescription": "Cadbury Mallow Bites Vanilla",
          "IsAvailable": true,
          "AgeRestricted": false,
          "DisplayQuantity": 1,
          "RichDescription": "<p>Be treatwise enjoy a balanced diet.</p><p>Light and fluffy vanilla flavoured mallows covered ion deliciously Cadbury milk chocolate.</p>",
          "IsDeliveryPass": false,
          "HideWasSavedPrice": false,
          "SapCategories": null,
          "Brand": "cadbury",
          "FooterTag": {
            "TagContent": null,
            "TagLink": null,
            "FallbackText": null,
            "TagType": "None"
          },
          "IsFooterEnabled": false,
          "Diagnostics": null,
          "IsBundle": false,
          "ChildProducts": []
        }
      ],
      "Name": "Cadbury Mallow Bites Vanilla"
    },
    {
      "Products": [
        {
          "Stockcode": 574895,
          "CupPrice": 1.56,
          "CupMeasure": "100G",
          "CupString": "$1.56 / 100G",
          "HasCupPrice": true,
          "Price": 2.5,
          "Name": "Cadbury Dark Milk Caramelised Hazelnut",
          "UrlFriendlyName": "cadbury-dark-milk-caramelised-hazelnut",
          "Description": " Cadbury Dark Milk<br>Caramelised... 160g block",
          "SmallImageFile": "https://wowprodmedia002aae.azureedge.net/content/wowproductimages/small/574895.jpg",
          "MediumImageFile": "https://wowprodmedia002aae.azureedge.net/content/wowproductimages/medium/574895.jpg",
          "LargeImageFile": "https://wowprodmedia002aae.azureedge.net/content/wowproductimages/large/574895.jpg",
          "IsNew": false,
          "IsOnSpecial": true,
          "IsEdrSpecial": false,
          "SavingsAmount": 2.5,
          "WasPrice": 5,
          "QuantityInTrolley": 0,
          "Unit": "Each",
          "MinimumQuantity": 1,
          "IsInTrolley": false,
          "Source": "SearchProducts",
          "SupplyLimit": 36,
          "PackageSize": "160g block",
          "IsPmDelivery": false,
          "IsForCollection": true,
          "IsForDelivery": true,
          "CentreTag": {
            "TagContent": null,
            "TagLink": null,
            "FallbackText": null,
            "TagType": "None"
          },
          "IsCentreTag": false,
          "ImageTag": {
            "TagContent": "/content/promotiontags/bni-roundel.png",
            "TagLink": null,
            "FallbackText": "BIG NIGHT IN - BUY TO WIN",
            "TagType": "None"
          },
          "HeaderTag": {
            "BackgroundColor": "#fd0",
            "BorderColor": "#fd0",
            "TextColor": "#000",
            "Content": "Save $2.50",
            "TagLink": null,
            "Promotion": "Special"
          },
          "HasHeaderTag": true,
          "UnitWeightInGrams": 162,
          "SupplyLimitMessage": "'Cadbury Dark Milk Caramelised Hazelnut' has a supply limit of 36. The quantity in your cart has been reduced accordingly. To purchase a larger quantity, please contact us on 1800 000 610, or e-mail us at shoponline@woolworths.com.au. Please note - we do not supply trade orders.",
          "SmallFormatDescription": "Cadbury Dark Milk Caramelised Hazelnut",
          "FullDescription": "Cadbury Dark Milk Caramelised Hazelnut",
          "IsAvailable": true,
          "AgeRestricted": false,
          "DisplayQuantity": 1,
          "RichDescription": null,
          "IsDeliveryPass": false,
          "HideWasSavedPrice": false,
          "SapCategories": null,
          "Brand": "cadbury",
          "FooterTag": {
            "TagContent": null,
            "TagLink": null,
            "FallbackText": null,
            "TagType": "None"
          },
          "IsFooterEnabled": false,
          "Diagnostics": null,
          "IsBundle": false,
          "ChildProducts": []
        }
      ],
      "Name": "Cadbury Dark Milk Caramelised Hazelnut"
    },
    {
      "Products": [
        {
          "Stockcode": 829009,
          "CupPrice": 1.33,
          "CupMeasure": "100G",
          "CupString": "$1.33 / 100G",
          "HasCupPrice": true,
          "Price": 3,
          "Name": "Cadbury Baking Dark Chocolate Melts",
          "UrlFriendlyName": "cadbury-baking-dark-chocolate-melts",
          "Description": " Cadbury Baking Dark<br>Chocolate Melts 225g",
          "SmallImageFile": "https://wowprodmedia002aae.azureedge.net/content/wowproductimages/small/829009.jpg",
          "MediumImageFile": "https://wowprodmedia002aae.azureedge.net/content/wowproductimages/medium/829009.jpg",
          "LargeImageFile": "https://wowprodmedia002aae.azureedge.net/content/wowproductimages/large/829009.jpg",
          "IsNew": false,
          "IsOnSpecial": true,
          "IsEdrSpecial": false,
          "SavingsAmount": 1.25,
          "WasPrice": 4.25,
          "QuantityInTrolley": 0,
          "Unit": "Each",
          "MinimumQuantity": 1,
          "IsInTrolley": false,
          "Source": "SearchProducts",
          "SupplyLimit": 36,
          "PackageSize": "225g",
          "IsPmDelivery": false,
          "IsForCollection": true,
          "IsForDelivery": true,
          "CentreTag": {
            "TagContent": null,
            "TagLink": null,
            "FallbackText": null,
            "TagType": "None"
          },
          "IsCentreTag": false,
          "ImageTag": {
            "TagContent": "/content/promotiontags/bni-roundel.png",
            "TagLink": null,
            "FallbackText": "BIG NIGHT IN - BUY TO WIN",
            "TagType": "None"
          },
          "HeaderTag": {
            "BackgroundColor": "#fd0",
            "BorderColor": "#fd0",
            "TextColor": "#000",
            "Content": "Save $1.25",
            "TagLink": null,
            "Promotion": "Special"
          },
          "HasHeaderTag": true,
          "UnitWeightInGrams": 225,
          "SupplyLimitMessage": "'Cadbury Baking Dark Chocolate Melts' has a supply limit of 36. The quantity in your cart has been reduced accordingly. To purchase a larger quantity, please contact us on 1800 000 610, or e-mail us at shoponline@woolworths.com.au. Please note - we do not supply trade orders.",
          "SmallFormatDescription": "Cadbury Baking Dark Chocolate Melts",
          "FullDescription": "Cadbury Baking Dark Chocolate Melts",
          "IsAvailable": true,
          "AgeRestricted": false,
          "DisplayQuantity": 1,
          "RichDescription": null,
          "IsDeliveryPass": false,
          "HideWasSavedPrice": false,
          "SapCategories": null,
          "Brand": "cadbury",
          "FooterTag": {
            "TagContent": null,
            "TagLink": null,
            "FallbackText": null,
            "TagType": "None"
          },
          "IsFooterEnabled": false,
          "Diagnostics": null,
          "IsBundle": false,
          "ChildProducts": []
        }
      ],
      "Name": "Cadbury Baking Dark Chocolate Melts"
    },
    {
      "Products": [
        {
          "Stockcode": 505181,
          "CupPrice": 0.8,
          "CupMeasure": "100ML",
          "CupString": "$0.80 / 100ML",
          "HasCupPrice": true,
          "Price": 4,
          "Name": "Cadbury Ice Cream Black Forest",
          "UrlFriendlyName": "cadbury-ice-cream-black-forest",
          "Description": " Cadbury Ice Cream Black<br>Forest 500ml",
          "SmallImageFile": "https://wowprodmedia002aae.azureedge.net/content/wowproductimages/small/505181.jpg",
          "MediumImageFile": "https://wowprodmedia002aae.azureedge.net/content/wowproductimages/medium/505181.jpg",
          "LargeImageFile": "https://wowprodmedia002aae.azureedge.net/content/wowproductimages/large/505181.jpg",
          "IsNew": false,
          "IsOnSpecial": true,
          "IsEdrSpecial": false,
          "SavingsAmount": 1,
          "WasPrice": 5,
          "QuantityInTrolley": 0,
          "Unit": "Each",
          "MinimumQuantity": 1,
          "IsInTrolley": false,
          "Source": "SearchProducts",
          "SupplyLimit": 36,
          "PackageSize": "500ml",
          "IsPmDelivery": false,
          "IsForCollection": true,
          "IsForDelivery": true,
          "CentreTag": {
            "TagContent": null,
            "TagLink": null,
            "FallbackText": null,
            "TagType": "None"
          },
          "IsCentreTag": false,
          "ImageTag": {
            "TagContent": "/content/promotiontags/bni-roundel.png",
            "TagLink": null,
            "FallbackText": "BIG NIGHT IN - BUY TO WIN",
            "TagType": "None"
          },
          "HeaderTag": {
            "BackgroundColor": "#fd0",
            "BorderColor": "#fd0",
            "TextColor": "#000",
            "Content": "Save $1.00",
            "TagLink": null,
            "Promotion": "Special"
          },
          "HasHeaderTag": true,
          "UnitWeightInGrams": 361,
          "SupplyLimitMessage": "'Cadbury Ice Cream Black Forest' has a supply limit of 36. The quantity in your cart has been reduced accordingly. To purchase a larger quantity, please contact us on 1800 000 610, or e-mail us at shoponline@woolworths.com.au. Please note - we do not supply trade orders.",
          "SmallFormatDescription": "Cadbury Ice Cream Black Forest",
          "FullDescription": "Cadbury Ice Cream Black Forest",
          "IsAvailable": true,
          "AgeRestricted": false,
          "DisplayQuantity": 1,
          "RichDescription": null,
          "IsDeliveryPass": false,
          "HideWasSavedPrice": false,
          "SapCategories": null,
          "Brand": "cadbury",
          "FooterTag": {
            "TagContent": "<div class=\"productTag-pricedropped\" style=\"\r\nheight:46px;\r\nposition:absolute;\r\ntop:-4px;\r\nleft:0;\r\nwidth:100%;\r\nbackground:white;\r\noutline: 1px solid #c20016;\r\ntext-align:center;\">\r\n\r\n<img src=\"https://wowpmediaaae.azureedge.net/content/content/pricedropped-footer-transparent.png\" width=\"204px\" height=\"16px\" alt=\"Price Dropped\" style=\"display:inline-block;margin-top:15px;max-width: 100%;\">\r\n</div>",
            "TagLink": null,
            "FallbackText": null,
            "TagType": "Html"
          },
          "IsFooterEnabled": true,
          "Diagnostics": null,
          "IsBundle": false,
          "ChildProducts": []
        }
      ],
      "Name": "Cadbury Ice Cream Black Forest"
    },
    {
      "Products": [
        {
          "Stockcode": 795500,
          "CupPrice": 3.75,
          "CupMeasure": "100G",
          "CupString": "$3.75 / 100G",
          "HasCupPrice": true,
          "Price": 12,
          "Name": "Cadbury Favourites ",
          "UrlFriendlyName": "cadbury-favourites",
          "Description": " Cadbury Favourites  320g gift box",
          "SmallImageFile": "https://wowprodmedia002aae.azureedge.net/content/wowproductimages/small/795500.jpg",
          "MediumImageFile": "https://wowprodmedia002aae.azureedge.net/content/wowproductimages/medium/795500.jpg",
          "LargeImageFile": "https://wowprodmedia002aae.azureedge.net/content/wowproductimages/large/795500.jpg",
          "IsNew": false,
          "IsOnSpecial": false,
          "IsEdrSpecial": false,
          "SavingsAmount": 0,
          "WasPrice": 12,
          "QuantityInTrolley": 0,
          "Unit": "Each",
          "MinimumQuantity": 1,
          "IsInTrolley": false,
          "Source": "SearchProducts",
          "SupplyLimit": 36,
          "PackageSize": "320g gift box",
          "IsPmDelivery": false,
          "IsForCollection": true,
          "IsForDelivery": true,
          "CentreTag": {
            "TagContent": null,
            "TagLink": null,
            "FallbackText": null,
            "TagType": "None"
          },
          "IsCentreTag": false,
          "ImageTag": {
            "TagContent": "/content/promotiontags/bni-roundel.png",
            "TagLink": null,
            "FallbackText": "BIG NIGHT IN - BUY TO WIN",
            "TagType": "None"
          },
          "HeaderTag": null,
          "HasHeaderTag": false,
          "UnitWeightInGrams": 320,
          "SupplyLimitMessage": "'Cadbury Favourites ' has a supply limit of 36. The quantity in your cart has been reduced accordingly. To purchase a larger quantity, please contact us on 1800 000 610, or e-mail us at shoponline@woolworths.com.au. Please note - we do not supply trade orders.",
          "SmallFormatDescription": "Cadbury Favourites ",
          "FullDescription": "Cadbury Favourites ",
          "IsAvailable": true,
          "AgeRestricted": false,
          "DisplayQuantity": 1,
          "RichDescription": null,
          "IsDeliveryPass": false,
          "HideWasSavedPrice": false,
          "SapCategories": null,
          "Brand": "cadbury",
          "FooterTag": {
            "TagContent": null,
            "TagLink": null,
            "FallbackText": null,
            "TagType": "None"
          },
          "IsFooterEnabled": false,
          "Diagnostics": null,
          "IsBundle": false,
          "ChildProducts": []
        },
        {
          "Stockcode": 793990,
          "CupPrice": 1.76,
          "CupMeasure": "100G",
          "CupString": "$1.76 / 100G",
          "HasCupPrice": true,
          "Price": 9.5,
          "Name": "Cadbury Favourites ",
          "UrlFriendlyName": "cadbury-favourites",
          "Description": " Cadbury Favourites  540g gift box",
          "SmallImageFile": "https://wowprodmedia002aae.azureedge.net/content/wowproductimages/small/793990.jpg",
          "MediumImageFile": "https://wowprodmedia002aae.azureedge.net/content/wowproductimages/medium/793990.jpg",
          "LargeImageFile": "https://wowprodmedia002aae.azureedge.net/content/wowproductimages/large/793990.jpg",
          "IsNew": false,
          "IsOnSpecial": true,
          "IsEdrSpecial": false,
          "SavingsAmount": 9.5,
          "WasPrice": 19,
          "QuantityInTrolley": 0,
          "Unit": "Each",
          "MinimumQuantity": 1,
          "IsInTrolley": false,
          "Source": "SearchProducts",
          "SupplyLimit": 36,
          "PackageSize": "540g gift box",
          "IsPmDelivery": false,
          "IsForCollection": true,
          "IsForDelivery": true,
          "CentreTag": {
            "TagContent": null,
            "TagLink": null,
            "FallbackText": null,
            "TagType": "None"
          },
          "IsCentreTag": false,
          "ImageTag": {
            "TagContent": "/content/promotiontags/bni-roundel.png",
            "TagLink": null,
            "FallbackText": "BIG NIGHT IN - BUY TO WIN",
            "TagType": "None"
          },
          "HeaderTag": {
            "BackgroundColor": "#fd0",
            "BorderColor": "#fd0",
            "TextColor": "#000",
            "Content": "Save $9.50",
            "TagLink": null,
            "Promotion": "Special"
          },
          "HasHeaderTag": true,
          "UnitWeightInGrams": 540,
          "SupplyLimitMessage": "'Cadbury Favourites ' has a supply limit of 36. The quantity in your cart has been reduced accordingly. To purchase a larger quantity, please contact us on 1800 000 610, or e-mail us at shoponline@woolworths.com.au. Please note - we do not supply trade orders.",
          "SmallFormatDescription": "Cadbury Favourites ",
          "FullDescription": "Cadbury Favourites ",
          "IsAvailable": true,
          "AgeRestricted": false,
          "DisplayQuantity": 1,
          "RichDescription": null,
          "IsDeliveryPass": false,
          "HideWasSavedPrice": false,
          "SapCategories": null,
          "Brand": "cadbury",
          "FooterTag": {
            "TagContent": null,
            "TagLink": null,
            "FallbackText": null,
            "TagType": "None"
          },
          "IsFooterEnabled": false,
          "Diagnostics": null,
          "IsBundle": false,
          "ChildProducts": []
        }
      ],
      "Name": "Cadbury Favourites"
    },
    {
      "Products": [
        {
          "Stockcode": 793990,
          "CupPrice": 1.76,
          "CupMeasure": "100G",
          "CupString": "$1.76 / 100G",
          "HasCupPrice": true,
          "Price": 9.5,
          "Name": "Cadbury Favourites ",
          "UrlFriendlyName": "cadbury-favourites",
          "Description": " Cadbury Favourites  540g gift box",
          "SmallImageFile": "https://wowprodmedia002aae.azureedge.net/content/wowproductimages/small/793990.jpg",
          "MediumImageFile": "https://wowprodmedia002aae.azureedge.net/content/wowproductimages/medium/793990.jpg",
          "LargeImageFile": "https://wowprodmedia002aae.azureedge.net/content/wowproductimages/large/793990.jpg",
          "IsNew": false,
          "IsOnSpecial": true,
          "IsEdrSpecial": false,
          "SavingsAmount": 9.5,
          "WasPrice": 19,
          "QuantityInTrolley": 0,
          "Unit": "Each",
          "MinimumQuantity": 1,
          "IsInTrolley": false,
          "Source": "SearchProducts",
          "SupplyLimit": 36,
          "PackageSize": "540g gift box",
          "IsPmDelivery": false,
          "IsForCollection": true,
          "IsForDelivery": true,
          "CentreTag": {
            "TagContent": null,
            "TagLink": null,
            "FallbackText": null,
            "TagType": "None"
          },
          "IsCentreTag": false,
          "ImageTag": {
            "TagContent": "/content/promotiontags/bni-roundel.png",
            "TagLink": null,
            "FallbackText": "BIG NIGHT IN - BUY TO WIN",
            "TagType": "None"
          },
          "HeaderTag": {
            "BackgroundColor": "#fd0",
            "BorderColor": "#fd0",
            "TextColor": "#000",
            "Content": "Save $9.50",
            "TagLink": null,
            "Promotion": "Special"
          },
          "HasHeaderTag": true,
          "UnitWeightInGrams": 540,
          "SupplyLimitMessage": "'Cadbury Favourites ' has a supply limit of 36. The quantity in your cart has been reduced accordingly. To purchase a larger quantity, please contact us on 1800 000 610, or e-mail us at shoponline@woolworths.com.au. Please note - we do not supply trade orders.",
          "SmallFormatDescription": "Cadbury Favourites ",
          "FullDescription": "Cadbury Favourites ",
          "IsAvailable": true,
          "AgeRestricted": false,
          "DisplayQuantity": 1,
          "RichDescription": null,
          "IsDeliveryPass": false,
          "HideWasSavedPrice": false,
          "SapCategories": null,
          "Brand": "cadbury",
          "FooterTag": {
            "TagContent": null,
            "TagLink": null,
            "FallbackText": null,
            "TagType": "None"
          },
          "IsFooterEnabled": false,
          "Diagnostics": null,
          "IsBundle": false,
          "ChildProducts": []
        }
      ],
      "Name": "Cadbury Favourites "
    },
    {
      "Products": [
        {
          "Stockcode": 250361,
          "CupPrice": 0.89,
          "CupMeasure": "100G",
          "CupString": "$0.89 / 100G",
          "HasCupPrice": true,
          "Price": 2,
          "Name": "Cadbury Drinking Chocolate ",
          "UrlFriendlyName": "cadbury-drinking-chocolate",
          "Description": " Cadbury Drinking Chocolate  225g",
          "SmallImageFile": "https://wowprodmedia002aae.azureedge.net/content/wowproductimages/small/250361.jpg",
          "MediumImageFile": "https://wowprodmedia002aae.azureedge.net/content/wowproductimages/medium/250361.jpg",
          "LargeImageFile": "https://wowprodmedia002aae.azureedge.net/content/wowproductimages/large/250361.jpg",
          "IsNew": false,
          "IsOnSpecial": true,
          "IsEdrSpecial": false,
          "SavingsAmount": 1.2,
          "WasPrice": 3.2,
          "QuantityInTrolley": 0,
          "Unit": "Each",
          "MinimumQuantity": 1,
          "IsInTrolley": false,
          "Source": "SearchProducts",
          "SupplyLimit": 36,
          "PackageSize": "225g",
          "IsPmDelivery": false,
          "IsForCollection": true,
          "IsForDelivery": true,
          "CentreTag": {
            "TagContent": null,
            "TagLink": null,
            "FallbackText": null,
            "TagType": "None"
          },
          "IsCentreTag": false,
          "ImageTag": {
            "TagContent": "/content/promotiontags/bni-roundel.png",
            "TagLink": null,
            "FallbackText": "BIG NIGHT IN - BUY TO WIN",
            "TagType": "None"
          },
          "HeaderTag": {
            "BackgroundColor": "#fd0",
            "BorderColor": "#fd0",
            "TextColor": "#000",
            "Content": "Save $1.20",
            "TagLink": null,
            "Promotion": "Special"
          },
          "HasHeaderTag": true,
          "UnitWeightInGrams": 225,
          "SupplyLimitMessage": "'Cadbury Drinking Chocolate ' has a supply limit of 36. The quantity in your cart has been reduced accordingly. To purchase a larger quantity, please contact us on 1800 000 610, or e-mail us at shoponline@woolworths.com.au. Please note - we do not supply trade orders.",
          "SmallFormatDescription": "Cadbury Drinking Chocolate ",
          "FullDescription": "Cadbury Drinking Chocolate ",
          "IsAvailable": true,
          "AgeRestricted": false,
          "DisplayQuantity": 1,
          "RichDescription": null,
          "IsDeliveryPass": false,
          "HideWasSavedPrice": false,
          "SapCategories": null,
          "Brand": "cadbury",
          "FooterTag": {
            "TagContent": null,
            "TagLink": null,
            "FallbackText": null,
            "TagType": "None"
          },
          "IsFooterEnabled": false,
          "Diagnostics": null,
          "IsBundle": false,
          "ChildProducts": []
        }
      ],
      "Name": "Cadbury Drinking Chocolate "
    },
    {
      "Products": [
        {
          "Stockcode": 250360,
          "CupPrice": 1,
          "CupMeasure": "100G",
          "CupString": "$1.00 / 100G",
          "HasCupPrice": true,
          "Price": 4,
          "Name": "Cadbury Drinking Chocolate ",
          "UrlFriendlyName": "cadbury-drinking-chocolate",
          "Description": " Cadbury Drinking Chocolate  400g",
          "SmallImageFile": "https://wowprodmedia002aae.azureedge.net/content/wowproductimages/small/250360.jpg",
          "MediumImageFile": "https://wowprodmedia002aae.azureedge.net/content/wowproductimages/medium/250360.jpg",
          "LargeImageFile": "https://wowprodmedia002aae.azureedge.net/content/wowproductimages/large/250360.jpg",
          "IsNew": false,
          "IsOnSpecial": false,
          "IsEdrSpecial": false,
          "SavingsAmount": 0,
          "WasPrice": 4,
          "QuantityInTrolley": 0,
          "Unit": "Each",
          "MinimumQuantity": 1,
          "IsInTrolley": false,
          "Source": "SearchProducts",
          "SupplyLimit": 36,
          "PackageSize": "400g",
          "IsPmDelivery": false,
          "IsForCollection": true,
          "IsForDelivery": true,
          "CentreTag": {
            "TagContent": "<span style=\"COLOR: #e2001a\"> Was $4.70 22/05/2017</span>",
            "TagLink": null,
            "FallbackText": null,
            "TagType": "Html"
          },
          "IsCentreTag": true,
          "ImageTag": {
            "TagContent": "/content/promotiontags/bni-roundel.png",
            "TagLink": null,
            "FallbackText": "BIG NIGHT IN - BUY TO WIN",
            "TagType": "None"
          },
          "HeaderTag": {
            "BackgroundColor": "#fff",
            "BorderColor": "#c20016",
            "TextColor": "#c20016",
            "Content": "<span class=\"u-semibold\">Price dropped</span>",
            "TagLink": null,
            "Promotion": "PriceDropped"
          },
          "HasHeaderTag": true,
          "UnitWeightInGrams": 400,
          "SupplyLimitMessage": "'Cadbury Drinking Chocolate ' has a supply limit of 36. The quantity in your cart has been reduced accordingly. To purchase a larger quantity, please contact us on 1800 000 610, or e-mail us at shoponline@woolworths.com.au. Please note - we do not supply trade orders.",
          "SmallFormatDescription": "Cadbury Drinking Chocolate ",
          "FullDescription": "Cadbury Drinking Chocolate ",
          "IsAvailable": true,
          "AgeRestricted": false,
          "DisplayQuantity": 1,
          "RichDescription": "<p>Directions for the perfect hot chocolate ad one heaped tablespoon of Cadbury.</p><p>Drinking chocolate into a cup of hot skim milk and stir.</p><p>Try these yummy ideas</p><p>Sprinkle over ice cream make delicious milkshake add pascall marshmallows to your favourite hot chocolate.</p>",
          "IsDeliveryPass": false,
          "HideWasSavedPrice": false,
          "SapCategories": null,
          "Brand": "cadbury",
          "FooterTag": {
            "TagContent": "<div class=\"productTag-pricedropped\" style=\"\r\nheight:46px;\r\nposition:absolute;\r\ntop:-4px;\r\nleft:0;\r\nwidth:100%;\r\nbackground:white;\r\noutline: 1px solid #c20016;\r\ntext-align:center;\">\r\n\r\n<img src=\"https://wowpmediaaae.azureedge.net/content/content/pricedropped-footer-transparent.png\" width=\"204px\" height=\"16px\" alt=\"Price Dropped\" style=\"display:inline-block;margin-top:15px;max-width: 100%;\">\r\n</div>",
            "TagLink": null,
            "FallbackText": null,
            "TagType": "Html"
          },
          "IsFooterEnabled": true,
          "Diagnostics": null,
          "IsBundle": false,
          "ChildProducts": []
        }
      ],
      "Name": "Cadbury Drinking Chocolate "
    },
    {
      "Products": [
        {
          "Stockcode": 794850,
          "CupPrice": 2.67,
          "CupMeasure": "100G",
          "CupString": "$2.67 / 100G",
          "HasCupPrice": true,
          "Price": 4,
          "Name": "Cadbury Flake Bites",
          "UrlFriendlyName": "cadbury-flake-bites",
          "Description": " Cadbury Flake Bites 150g bag",
          "SmallImageFile": "https://wowprodmedia002aae.azureedge.net/content/wowproductimages/small/794850.jpg",
          "MediumImageFile": "https://wowprodmedia002aae.azureedge.net/content/wowproductimages/medium/794850.jpg",
          "LargeImageFile": "https://wowprodmedia002aae.azureedge.net/content/wowproductimages/large/794850.jpg",
          "IsNew": false,
          "IsOnSpecial": false,
          "IsEdrSpecial": false,
          "SavingsAmount": 0,
          "WasPrice": 4,
          "QuantityInTrolley": 0,
          "Unit": "Each",
          "MinimumQuantity": 1,
          "IsInTrolley": false,
          "Source": "SearchProducts",
          "SupplyLimit": 36,
          "PackageSize": "150g bag",
          "IsPmDelivery": false,
          "IsForCollection": true,
          "IsForDelivery": true,
          "CentreTag": {
            "TagContent": null,
            "TagLink": null,
            "FallbackText": null,
            "TagType": "None"
          },
          "IsCentreTag": false,
          "ImageTag": {
            "TagContent": "/content/promotiontags/bni-roundel.png",
            "TagLink": null,
            "FallbackText": "BIG NIGHT IN - BUY TO WIN",
            "TagType": "None"
          },
          "HeaderTag": null,
          "HasHeaderTag": false,
          "UnitWeightInGrams": 150,
          "SupplyLimitMessage": "'Cadbury Flake Bites' has a supply limit of 36. The quantity in your cart has been reduced accordingly. To purchase a larger quantity, please contact us on 1800 000 610, or e-mail us at shoponline@woolworths.com.au. Please note - we do not supply trade orders.",
          "SmallFormatDescription": "Cadbury Flake Bites",
          "FullDescription": "Cadbury Flake Bites",
          "IsAvailable": true,
          "AgeRestricted": false,
          "DisplayQuantity": 1,
          "RichDescription": "<p>There's nothing quite like Cadbury Flake milk chocolate. The way the delicate, crumbly Rakes of delicious Cadbury Dairy Milk milk chocolate lust melt away in your mouth, while the world around you melts away, with them. It's a moment of pure indulgence and now you can experience that same moment in miniature with these adorable little logs of Cadbury Flab: milk chocolate. For a real treat, sprinkle the crumbs over vanilla ice cream. Absolute Heaven!</p>",
          "IsDeliveryPass": false,
          "HideWasSavedPrice": false,
          "SapCategories": null,
          "Brand": "cadbury",
          "FooterTag": {
            "TagContent": null,
            "TagLink": null,
            "FallbackText": null,
            "TagType": "None"
          },
          "IsFooterEnabled": false,
          "Diagnostics": null,
          "IsBundle": false,
          "ChildProducts": []
        }
      ],
      "Name": "Cadbury Flake Bites"
    },
    {
      "Products": [
        {
          "Stockcode": 98372,
          "CupPrice": 3.33,
          "CupMeasure": "100G",
          "CupString": "$3.33 / 100G",
          "HasCupPrice": true,
          "Price": 1,
          "Name": "Cadbury Flake ",
          "UrlFriendlyName": "cadbury-flake",
          "Description": " Cadbury Flake  30g bar",
          "SmallImageFile": "https://wowprodmedia002aae.azureedge.net/content/wowproductimages/small/098372.jpg",
          "MediumImageFile": "https://wowprodmedia002aae.azureedge.net/content/wowproductimages/medium/098372.jpg",
          "LargeImageFile": "https://wowprodmedia002aae.azureedge.net/content/wowproductimages/large/098372.jpg",
          "IsNew": false,
          "IsOnSpecial": true,
          "IsEdrSpecial": false,
          "SavingsAmount": 1,
          "WasPrice": 2,
          "QuantityInTrolley": 0,
          "Unit": "Each",
          "MinimumQuantity": 1,
          "IsInTrolley": false,
          "Source": "SearchProducts",
          "SupplyLimit": 36,
          "PackageSize": "30g bar",
          "IsPmDelivery": false,
          "IsForCollection": true,
          "IsForDelivery": true,
          "CentreTag": {
            "TagContent": null,
            "TagLink": null,
            "FallbackText": null,
            "TagType": "None"
          },
          "IsCentreTag": false,
          "ImageTag": {
            "TagContent": "/content/promotiontags/bni-roundel.png",
            "TagLink": null,
            "FallbackText": "BIG NIGHT IN - BUY TO WIN",
            "TagType": "None"
          },
          "HeaderTag": {
            "BackgroundColor": "#fd0",
            "BorderColor": "#fd0",
            "TextColor": "#000",
            "Content": "Save $1.00",
            "TagLink": null,
            "Promotion": "Special"
          },
          "HasHeaderTag": true,
          "UnitWeightInGrams": 30,
          "SupplyLimitMessage": "'Cadbury Flake ' has a supply limit of 36. The quantity in your cart has been reduced accordingly. To purchase a larger quantity, please contact us on 1800 000 610, or e-mail us at shoponline@woolworths.com.au. Please note - we do not supply trade orders.",
          "SmallFormatDescription": "Cadbury Flake ",
          "FullDescription": "Cadbury Flake ",
          "IsAvailable": true,
          "AgeRestricted": false,
          "DisplayQuantity": 1,
          "RichDescription": "<p>Dairy milk milk chocolate. The crumbliest milk chocolate.</p>",
          "IsDeliveryPass": false,
          "HideWasSavedPrice": false,
          "SapCategories": null,
          "Brand": "cadbury",
          "FooterTag": {
            "TagContent": null,
            "TagLink": null,
            "FallbackText": null,
            "TagType": "None"
          },
          "IsFooterEnabled": false,
          "Diagnostics": null,
          "IsBundle": false,
          "ChildProducts": []
        }
      ],
      "Name": "Cadbury Flake "
    },
    {
      "Products": [
        {
          "Stockcode": 304748,
          "CupPrice": 1.37,
          "CupMeasure": "100G",
          "CupString": "$1.37 / 100G",
          "HasCupPrice": true,
          "Price": 2.3,
          "Name": "Cadbury Flake Sharepack",
          "UrlFriendlyName": "cadbury-flake-sharepack",
          "Description": " Cadbury Flake Sharepack 12pk 168g",
          "SmallImageFile": "https://wowprodmedia002aae.azureedge.net/content/wowproductimages/small/304748.jpg",
          "MediumImageFile": "https://wowprodmedia002aae.azureedge.net/content/wowproductimages/medium/304748.jpg",
          "LargeImageFile": "https://wowprodmedia002aae.azureedge.net/content/wowproductimages/large/304748.jpg",
          "IsNew": false,
          "IsOnSpecial": true,
          "IsEdrSpecial": false,
          "SavingsAmount": 2.3,
          "WasPrice": 4.6,
          "QuantityInTrolley": 0,
          "Unit": "Each",
          "MinimumQuantity": 1,
          "IsInTrolley": false,
          "Source": "SearchProducts",
          "SupplyLimit": 36,
          "PackageSize": "12pk 168g",
          "IsPmDelivery": false,
          "IsForCollection": true,
          "IsForDelivery": true,
          "CentreTag": {
            "TagContent": null,
            "TagLink": null,
            "FallbackText": null,
            "TagType": "None"
          },
          "IsCentreTag": false,
          "ImageTag": {
            "TagContent": "/content/promotiontags/bni-roundel.png",
            "TagLink": null,
            "FallbackText": "BIG NIGHT IN - BUY TO WIN",
            "TagType": "None"
          },
          "HeaderTag": {
            "BackgroundColor": "#fd0",
            "BorderColor": "#fd0",
            "TextColor": "#000",
            "Content": "Save $2.30",
            "TagLink": null,
            "Promotion": "Special"
          },
          "HasHeaderTag": true,
          "UnitWeightInGrams": 168,
          "SupplyLimitMessage": "'Cadbury Flake Sharepack' has a supply limit of 36. The quantity in your cart has been reduced accordingly. To purchase a larger quantity, please contact us on 1800 000 610, or e-mail us at shoponline@woolworths.com.au. Please note - we do not supply trade orders.",
          "SmallFormatDescription": "Cadbury Flake Sharepack",
          "FullDescription": "Cadbury Flake Sharepack",
          "IsAvailable": true,
          "AgeRestricted": false,
          "DisplayQuantity": 1,
          "RichDescription": "<p>Cadbury Flake The crumbliest milk chocolate in delicious miniature. Cadbury Dairy</p><p>Cadbury Dairy milk milk chocolate</p><p>The equivalent of a glass and a half of pure full cream milk in every 200g of Cadbury Dairy Milk Milk chocolate.</p>",
          "IsDeliveryPass": false,
          "HideWasSavedPrice": false,
          "SapCategories": null,
          "Brand": "cadbury",
          "FooterTag": {
            "TagContent": null,
            "TagLink": null,
            "FallbackText": null,
            "TagType": "None"
          },
          "IsFooterEnabled": false,
          "Diagnostics": null,
          "IsBundle": false,
          "ChildProducts": []
        }
      ],
      "Name": "Cadbury Flake Sharepack"
    },
    {
      "Products": [
        {
          "Stockcode": 320104,
          "CupPrice": 2.56,
          "CupMeasure": "100G",
          "CupString": "$2.56 / 100G",
          "HasCupPrice": true,
          "Price": 1,
          "Name": "Cadbury Twirl ",
          "UrlFriendlyName": "cadbury-twirl",
          "Description": " Cadbury Twirl  39g bar",
          "SmallImageFile": "https://wowprodmedia002aae.azureedge.net/content/wowproductimages/small/320104.jpg",
          "MediumImageFile": "https://wowprodmedia002aae.azureedge.net/content/wowproductimages/medium/320104.jpg",
          "LargeImageFile": "https://wowprodmedia002aae.azureedge.net/content/wowproductimages/large/320104.jpg",
          "IsNew": false,
          "IsOnSpecial": true,
          "IsEdrSpecial": false,
          "SavingsAmount": 1,
          "WasPrice": 2,
          "QuantityInTrolley": 0,
          "Unit": "Each",
          "MinimumQuantity": 1,
          "IsInTrolley": false,
          "Source": "SearchProducts",
          "SupplyLimit": 36,
          "PackageSize": "39g bar",
          "IsPmDelivery": false,
          "IsForCollection": true,
          "IsForDelivery": true,
          "CentreTag": {
            "TagContent": null,
            "TagLink": null,
            "FallbackText": null,
            "TagType": "None"
          },
          "IsCentreTag": false,
          "ImageTag": {
            "TagContent": "/content/promotiontags/bni-roundel.png",
            "TagLink": null,
            "FallbackText": "BIG NIGHT IN - BUY TO WIN",
            "TagType": "None"
          },
          "HeaderTag": {
            "BackgroundColor": "#fd0",
            "BorderColor": "#fd0",
            "TextColor": "#000",
            "Content": "Save $1.00",
            "TagLink": null,
            "Promotion": "Special"
          },
          "HasHeaderTag": true,
          "UnitWeightInGrams": 39,
          "SupplyLimitMessage": "'Cadbury Twirl ' has a supply limit of 36. The quantity in your cart has been reduced accordingly. To purchase a larger quantity, please contact us on 1800 000 610, or e-mail us at shoponline@woolworths.com.au. Please note - we do not supply trade orders.",
          "SmallFormatDescription": "Cadbury Twirl ",
          "FullDescription": "Cadbury Twirl ",
          "IsAvailable": true,
          "AgeRestricted": false,
          "DisplayQuantity": 1,
          "RichDescription": "<p>2 Bars - Swirls and curls covered in Cadbury dairy milk milk chocolate.</p>",
          "IsDeliveryPass": false,
          "HideWasSavedPrice": false,
          "SapCategories": null,
          "Brand": "cadbury",
          "FooterTag": {
            "TagContent": null,
            "TagLink": null,
            "FallbackText": null,
            "TagType": "None"
          },
          "IsFooterEnabled": false,
          "Diagnostics": null,
          "IsBundle": false,
          "ChildProducts": []
        }
      ],
      "Name": "Cadbury Twirl "
    },
    {
      "Products": [
        {
          "Stockcode": 829166,
          "CupPrice": 1.37,
          "CupMeasure": "100G",
          "CupString": "$1.37 / 100G",
          "HasCupPrice": true,
          "Price": 2.3,
          "Name": "Cadbury Twirl Sharepack",
          "UrlFriendlyName": "cadbury-twirl-sharepack",
          "Description": " Cadbury Twirl Sharepack 12pk 168g",
          "SmallImageFile": "https://wowprodmedia002aae.azureedge.net/content/wowproductimages/small/829166.jpg",
          "MediumImageFile": "https://wowprodmedia002aae.azureedge.net/content/wowproductimages/medium/829166.jpg",
          "LargeImageFile": "https://wowprodmedia002aae.azureedge.net/content/wowproductimages/large/829166.jpg",
          "IsNew": false,
          "IsOnSpecial": true,
          "IsEdrSpecial": false,
          "SavingsAmount": 2.3,
          "WasPrice": 4.6,
          "QuantityInTrolley": 0,
          "Unit": "Each",
          "MinimumQuantity": 1,
          "IsInTrolley": false,
          "Source": "SearchProducts",
          "SupplyLimit": 36,
          "PackageSize": "12pk 168g",
          "IsPmDelivery": false,
          "IsForCollection": true,
          "IsForDelivery": true,
          "CentreTag": {
            "TagContent": null,
            "TagLink": null,
            "FallbackText": null,
            "TagType": "None"
          },
          "IsCentreTag": false,
          "ImageTag": {
            "TagContent": "/content/promotiontags/bni-roundel.png",
            "TagLink": null,
            "FallbackText": "BIG NIGHT IN - BUY TO WIN",
            "TagType": "None"
          },
          "HeaderTag": {
            "BackgroundColor": "#fd0",
            "BorderColor": "#fd0",
            "TextColor": "#000",
            "Content": "Save $2.30",
            "TagLink": null,
            "Promotion": "Special"
          },
          "HasHeaderTag": true,
          "UnitWeightInGrams": 168,
          "SupplyLimitMessage": "'Cadbury Twirl Sharepack' has a supply limit of 36. The quantity in your cart has been reduced accordingly. To purchase a larger quantity, please contact us on 1800 000 610, or e-mail us at shoponline@woolworths.com.au. Please note - we do not supply trade orders.",
          "SmallFormatDescription": "Cadbury Twirl Sharepack",
          "FullDescription": "Cadbury Twirl Sharepack",
          "IsAvailable": true,
          "AgeRestricted": false,
          "DisplayQuantity": 1,
          "RichDescription": "<p>Swirls & curls of milk chocolate in miniature</p><p>The equivalent of a glass and a half of pure full cream milk in every 200g of Cadbury dairy milk milk chocolate</p>",
          "IsDeliveryPass": false,
          "HideWasSavedPrice": false,
          "SapCategories": null,
          "Brand": "cadbury",
          "FooterTag": {
            "TagContent": null,
            "TagLink": null,
            "FallbackText": null,
            "TagType": "None"
          },
          "IsFooterEnabled": false,
          "Diagnostics": null,
          "IsBundle": false,
          "ChildProducts": []
        }
      ],
      "Name": "Cadbury Twirl Sharepack"
    },
    {
      "Products": [
        {
          "Stockcode": 98361,
          "CupPrice": 2.5,
          "CupMeasure": "100G",
          "CupString": "$2.50 / 100G",
          "HasCupPrice": true,
          "Price": 0.75,
          "Name": "Cadbury Chomp ",
          "UrlFriendlyName": "cadbury-chomp",
          "Description": " Cadbury Chomp  30g bar",
          "SmallImageFile": "https://wowprodmedia002aae.azureedge.net/content/wowproductimages/small/098361.jpg",
          "MediumImageFile": "https://wowprodmedia002aae.azureedge.net/content/wowproductimages/medium/098361.jpg",
          "LargeImageFile": "https://wowprodmedia002aae.azureedge.net/content/wowproductimages/large/098361.jpg",
          "IsNew": false,
          "IsOnSpecial": false,
          "IsEdrSpecial": false,
          "SavingsAmount": 0.00,
          "WasPrice": 0.75,
          "QuantityInTrolley": 0,
          "Unit": "Each",
          "MinimumQuantity": 1,
          "IsInTrolley": false,
          "Source": "SearchProducts",
          "SupplyLimit": 36,
          "PackageSize": "30g bar",
          "IsPmDelivery": false,
          "IsForCollection": true,
          "IsForDelivery": true,
          "CentreTag": {
            "TagContent": "<span style=\"COLOR: #e2001a\"> Was $1.05 02/05/2016</span>",
            "TagLink": null,
            "FallbackText": null,
            "TagType": "Html"
          },
          "IsCentreTag": true,
          "ImageTag": {
            "TagContent": "/content/promotiontags/bni-roundel.png",
            "TagLink": null,
            "FallbackText": "BIG NIGHT IN - BUY TO WIN",
            "TagType": "None"
          },
          "HeaderTag": {
            "BackgroundColor": "#fff",
            "BorderColor": "#c20016",
            "TextColor": "#c20016",
            "Content": "<span class=\"u-semibold\">Price dropped</span>",
            "TagLink": null,
            "Promotion": "PriceDropped"
          },
          "HasHeaderTag": true,
          "UnitWeightInGrams": 30,
          "SupplyLimitMessage": "'Cadbury Chomp ' has a supply limit of 36. The quantity in your cart has been reduced accordingly. To purchase a larger quantity, please contact us on 1800 000 610, or e-mail us at shoponline@woolworths.com.au. Please note - we do not supply trade orders.",
          "SmallFormatDescription": "Cadbury Chomp ",
          "FullDescription": "Cadbury Chomp ",
          "IsAvailable": true,
          "AgeRestricted": false,
          "DisplayQuantity": 1,
          "RichDescription": "<p>It's a monster chew!</p>",
          "IsDeliveryPass": false,
          "HideWasSavedPrice": false,
          "SapCategories": null,
          "Brand": "cadbury",
          "FooterTag": {
            "TagContent": "<div class=\"productTag-pricedropped\" style=\"\r\nheight:46px;\r\nposition:absolute;\r\ntop:-4px;\r\nleft:0;\r\nwidth:100%;\r\nbackground:white;\r\noutline: 1px solid #c20016;\r\ntext-align:center;\">\r\n\r\n<img src=\"https://wowpmediaaae.azureedge.net/content/content/pricedropped-footer-transparent.png\" width=\"204px\" height=\"16px\" alt=\"Price Dropped\" style=\"display:inline-block;margin-top:15px;max-width: 100%;\">\r\n</div>",
            "TagLink": null,
            "FallbackText": null,
            "TagType": "Html"
          },
          "IsFooterEnabled": true,
          "Diagnostics": null,
          "IsBundle": false,
          "ChildProducts": []
        }
      ],
      "Name": "Cadbury Chomp "
    },
    {
      "Products": [
        {
          "Stockcode": 490250,
          "CupPrice": 1.5,
          "CupMeasure": "100G",
          "CupString": "$1.50 / 100G",
          "HasCupPrice": true,
          "Price": 3,
          "Name": "Cadbury Baking Chocolate Block 70% Cocoa",
          "UrlFriendlyName": "cadbury-baking-chocolate-block-70-cocoa",
          "Description": " Cadbury Baking Chocolate<br>Block 70% Cocoa 200g",
          "SmallImageFile": "https://wowprodmedia002aae.azureedge.net/content/wowproductimages/small/490250.jpg",
          "MediumImageFile": "https://wowprodmedia002aae.azureedge.net/content/wowproductimages/medium/490250.jpg",
          "LargeImageFile": "https://wowprodmedia002aae.azureedge.net/content/wowproductimages/large/490250.jpg",
          "IsNew": false,
          "IsOnSpecial": true,
          "IsEdrSpecial": false,
          "SavingsAmount": 1.5,
          "WasPrice": 4.5,
          "QuantityInTrolley": 0,
          "Unit": "Each",
          "MinimumQuantity": 1,
          "IsInTrolley": false,
          "Source": "SearchProducts",
          "SupplyLimit": 36,
          "PackageSize": "200g",
          "IsPmDelivery": false,
          "IsForCollection": true,
          "IsForDelivery": true,
          "CentreTag": {
            "TagContent": null,
            "TagLink": null,
            "FallbackText": null,
            "TagType": "None"
          },
          "IsCentreTag": false,
          "ImageTag": {
            "TagContent": "/content/promotiontags/bni-roundel.png",
            "TagLink": null,
            "FallbackText": "BIG NIGHT IN - BUY TO WIN",
            "TagType": "None"
          },
          "HeaderTag": {
            "BackgroundColor": "#fd0",
            "BorderColor": "#fd0",
            "TextColor": "#000",
            "Content": "Save $1.50",
            "TagLink": null,
            "Promotion": "Special"
          },
          "HasHeaderTag": true,
          "UnitWeightInGrams": 202,
          "SupplyLimitMessage": "'Cadbury Baking Chocolate Block 70% Cocoa' has a supply limit of 36. The quantity in your cart has been reduced accordingly. To purchase a larger quantity, please contact us on 1800 000 610, or e-mail us at shoponline@woolworths.com.au. Please note - we do not supply trade orders.",
          "SmallFormatDescription": "Cadbury Baking Chocolate Block 70% Cocoa",
          "FullDescription": "Cadbury Baking Chocolate Block 70% Cocoa",
          "IsAvailable": true,
          "AgeRestricted": false,
          "DisplayQuantity": 1,
          "RichDescription": null,
          "IsDeliveryPass": false,
          "HideWasSavedPrice": false,
          "SapCategories": null,
          "Brand": "cadbury",
          "FooterTag": {
            "TagContent": null,
            "TagLink": null,
            "FallbackText": null,
            "TagType": "None"
          },
          "IsFooterEnabled": false,
          "Diagnostics": null,
          "IsBundle": false,
          "ChildProducts": []
        }
      ],
      "Name": "Cadbury Baking Chocolate Block 70% Cocoa"
    },
    {
      "Products": [
        {
          "Stockcode": 513393,
          "CupPrice": 0.5,
          "CupMeasure": "1EA",
          "CupString": "$0.50 / 1EA",
          "HasCupPrice": true,
          "Price": 5,
          "Name": "Cadbury Caramel Cake Bar ",
          "UrlFriendlyName": "cadbury-caramel-cake-bar",
          "Description": " Cadbury Caramel Cake Bar  10pk",
          "SmallImageFile": "https://wowprodmedia002aae.azureedge.net/content/wowproductimages/small/513393.jpg",
          "MediumImageFile": "https://wowprodmedia002aae.azureedge.net/content/wowproductimages/medium/513393.jpg",
          "LargeImageFile": "https://wowprodmedia002aae.azureedge.net/content/wowproductimages/large/513393.jpg",
          "IsNew": false,
          "IsOnSpecial": false,
          "IsEdrSpecial": false,
          "SavingsAmount": 0,
          "WasPrice": 5,
          "QuantityInTrolley": 0,
          "Unit": "Each",
          "MinimumQuantity": 1,
          "IsInTrolley": false,
          "Source": "SearchProducts",
          "SupplyLimit": 36,
          "PackageSize": "10pk",
          "IsPmDelivery": false,
          "IsForCollection": true,
          "IsForDelivery": true,
          "CentreTag": {
            "TagContent": null,
            "TagLink": null,
            "FallbackText": null,
            "TagType": "None"
          },
          "IsCentreTag": false,
          "ImageTag": {
            "TagContent": "/content/promotiontags/bni-roundel.png",
            "TagLink": null,
            "FallbackText": "BIG NIGHT IN - BUY TO WIN",
            "TagType": "None"
          },
          "HeaderTag": null,
          "HasHeaderTag": false,
          "UnitWeightInGrams": 350,
          "SupplyLimitMessage": "'Cadbury Caramel Cake Bar ' has a supply limit of 36. The quantity in your cart has been reduced accordingly. To purchase a larger quantity, please contact us on 1800 000 610, or e-mail us at shoponline@woolworths.com.au. Please note - we do not supply trade orders.",
          "SmallFormatDescription": "Cadbury Caramel Cake Bar ",
          "FullDescription": "Cadbury Caramel Cake Bar ",
          "IsAvailable": true,
          "AgeRestricted": false,
          "DisplayQuantity": 1,
          "RichDescription": null,
          "IsDeliveryPass": false,
          "HideWasSavedPrice": false,
          "SapCategories": null,
          "Brand": "cadbury",
          "FooterTag": {
            "TagContent": null,
            "TagLink": null,
            "FallbackText": null,
            "TagType": "None"
          },
          "IsFooterEnabled": false,
          "Diagnostics": null,
          "IsBundle": false,
          "ChildProducts": []
        }
      ],
      "Name": "Cadbury Caramel Cake Bar "
    },
    {
      "Products": [
        {
          "Stockcode": 782606,
          "CupPrice": 5.79,
          "CupMeasure": "100G",
          "CupString": "$5.79 / 100G",
          "HasCupPrice": true,
          "Price": 2.49,
          "Name": "Cadbury Snack Shortcake",
          "UrlFriendlyName": "cadbury-snack-shortcake",
          "Description": " Cadbury Snack Shortcake 43g",
          "SmallImageFile": "https://wowprodmedia002aae.azureedge.net/content/wowproductimages/small/782606.jpg",
          "MediumImageFile": "https://wowprodmedia002aae.azureedge.net/content/wowproductimages/medium/782606.jpg",
          "LargeImageFile": "https://wowprodmedia002aae.azureedge.net/content/wowproductimages/large/782606.jpg",
          "IsNew": false,
          "IsOnSpecial": false,
          "IsEdrSpecial": false,
          "SavingsAmount": 0.00,
          "WasPrice": 2.49,
          "QuantityInTrolley": 0,
          "Unit": "Each",
          "MinimumQuantity": 1,
          "IsInTrolley": false,
          "Source": "SearchProducts",
          "SupplyLimit": 36,
          "PackageSize": "43g",
          "IsPmDelivery": false,
          "IsForCollection": true,
          "IsForDelivery": true,
          "CentreTag": {
            "TagContent": null,
            "TagLink": null,
            "FallbackText": null,
            "TagType": "None"
          },
          "IsCentreTag": false,
          "ImageTag": {
            "TagContent": "/content/promotiontags/bni-roundel.png",
            "TagLink": null,
            "FallbackText": "BIG NIGHT IN - BUY TO WIN",
            "TagType": "None"
          },
          "HeaderTag": null,
          "HasHeaderTag": false,
          "UnitWeightInGrams": 43,
          "SupplyLimitMessage": "'Cadbury Snack Shortcake' has a supply limit of 36. The quantity in your cart has been reduced accordingly. To purchase a larger quantity, please contact us on 1800 000 610, or e-mail us at shoponline@woolworths.com.au. Please note - we do not supply trade orders.",
          "SmallFormatDescription": "Cadbury Snack Shortcake",
          "FullDescription": "Cadbury Snack Shortcake",
          "IsAvailable": true,
          "AgeRestricted": false,
          "DisplayQuantity": 1,
          "RichDescription": null,
          "IsDeliveryPass": false,
          "HideWasSavedPrice": false,
          "SapCategories": null,
          "Brand": "cadbury",
          "FooterTag": {
            "TagContent": null,
            "TagLink": null,
            "FallbackText": null,
            "TagType": "None"
          },
          "IsFooterEnabled": false,
          "Diagnostics": null,
          "IsBundle": false,
          "ChildProducts": []
        }
      ],
      "Name": "Cadbury Snack Shortcake"
    },
    {
      "Products": [
        {
          "Stockcode": 98415,
          "CupPrice": 3.87,
          "CupMeasure": "100G",
          "CupString": "$3.87 / 100G",
          "HasCupPrice": true,
          "Price": 2.9,
          "Name": "Cadbury Furry Friends ",
          "UrlFriendlyName": "cadbury-furry-friends",
          "Description": " Cadbury Furry Friends  5pk 75g",
          "SmallImageFile": "https://wowprodmedia002aae.azureedge.net/content/wowproductimages/small/098415.jpg",
          "MediumImageFile": "https://wowprodmedia002aae.azureedge.net/content/wowproductimages/medium/098415.jpg",
          "LargeImageFile": "https://wowprodmedia002aae.azureedge.net/content/wowproductimages/large/098415.jpg",
          "IsNew": false,
          "IsOnSpecial": false,
          "IsEdrSpecial": false,
          "SavingsAmount": 0.0,
          "WasPrice": 2.9,
          "QuantityInTrolley": 0,
          "Unit": "Each",
          "MinimumQuantity": 1,
          "IsInTrolley": false,
          "Source": "SearchProducts",
          "SupplyLimit": 36,
          "PackageSize": "5pk 75g",
          "IsPmDelivery": false,
          "IsForCollection": true,
          "IsForDelivery": true,
          "CentreTag": {
            "TagContent": null,
            "TagLink": null,
            "FallbackText": null,
            "TagType": "None"
          },
          "IsCentreTag": false,
          "ImageTag": {
            "TagContent": "/content/promotiontags/bni-roundel.png",
            "TagLink": null,
            "FallbackText": "BIG NIGHT IN - BUY TO WIN",
            "TagType": "None"
          },
          "HeaderTag": null,
          "HasHeaderTag": false,
          "UnitWeightInGrams": 75,
          "SupplyLimitMessage": "'Cadbury Furry Friends ' has a supply limit of 36. The quantity in your cart has been reduced accordingly. To purchase a larger quantity, please contact us on 1800 000 610, or e-mail us at shoponline@woolworths.com.au. Please note - we do not supply trade orders.",
          "SmallFormatDescription": "Cadbury Furry Friends ",
          "FullDescription": "Cadbury Furry Friends ",
          "IsAvailable": true,
          "AgeRestricted": false,
          "DisplayQuantity": 1,
          "RichDescription": "<p>Furry Friends Dairy Milk Chocolate</p><p>The equivalent of a glass and a half of pure full cream milk in every 200g of Cadbury Dairy Milk Milk Chocolate</p>",
          "IsDeliveryPass": false,
          "HideWasSavedPrice": false,
          "SapCategories": null,
          "Brand": "cadbury",
          "FooterTag": {
            "TagContent": null,
            "TagLink": null,
            "FallbackText": null,
            "TagType": "None"
          },
          "IsFooterEnabled": false,
          "Diagnostics": null,
          "IsBundle": false,
          "ChildProducts": []
        }
      ],
      "Name": "Cadbury Furry Friends "
    },
    {
      "Products": [
        {
          "Stockcode": 829004,
          "CupPrice": 1.5,
          "CupMeasure": "100G",
          "CupString": "$1.50 / 100G",
          "HasCupPrice": true,
          "Price": 3,
          "Name": "Cadbury Baking Milk Chocolate Chips",
          "UrlFriendlyName": "cadbury-baking-milk-chocolate-chips",
          "Description": " Cadbury Baking Milk<br>Chocolate Chips 200g",
          "SmallImageFile": "https://wowprodmedia002aae.azureedge.net/content/wowproductimages/small/829004.jpg",
          "MediumImageFile": "https://wowprodmedia002aae.azureedge.net/content/wowproductimages/medium/829004.jpg",
          "LargeImageFile": "https://wowprodmedia002aae.azureedge.net/content/wowproductimages/large/829004.jpg",
          "IsNew": false,
          "IsOnSpecial": true,
          "IsEdrSpecial": false,
          "SavingsAmount": 1.25,
          "WasPrice": 4.25,
          "QuantityInTrolley": 0,
          "Unit": "Each",
          "MinimumQuantity": 1,
          "IsInTrolley": false,
          "Source": "SearchProducts",
          "SupplyLimit": 36,
          "PackageSize": "200g",
          "IsPmDelivery": false,
          "IsForCollection": true,
          "IsForDelivery": true,
          "CentreTag": {
            "TagContent": null,
            "TagLink": null,
            "FallbackText": null,
            "TagType": "None"
          },
          "IsCentreTag": false,
          "ImageTag": {
            "TagContent": "/content/promotiontags/bni-roundel.png",
            "TagLink": null,
            "FallbackText": "BIG NIGHT IN - BUY TO WIN",
            "TagType": "None"
          },
          "HeaderTag": {
            "BackgroundColor": "#fd0",
            "BorderColor": "#fd0",
            "TextColor": "#000",
            "Content": "Save $1.25",
            "TagLink": null,
            "Promotion": "Special"
          },
          "HasHeaderTag": true,
          "UnitWeightInGrams": 200,
          "SupplyLimitMessage": "'Cadbury Baking Milk Chocolate Chips' has a supply limit of 36. The quantity in your cart has been reduced accordingly. To purchase a larger quantity, please contact us on 1800 000 610, or e-mail us at shoponline@woolworths.com.au. Please note - we do not supply trade orders.",
          "SmallFormatDescription": "Cadbury Baking Milk Chocolate Chips",
          "FullDescription": "Cadbury Baking Milk Chocolate Chips",
          "IsAvailable": true,
          "AgeRestricted": false,
          "DisplayQuantity": 1,
          "RichDescription": null,
          "IsDeliveryPass": false,
          "HideWasSavedPrice": false,
          "SapCategories": null,
          "Brand": "cadbury",
          "FooterTag": {
            "TagContent": null,
            "TagLink": null,
            "FallbackText": null,
            "TagType": "None"
          },
          "IsFooterEnabled": false,
          "Diagnostics": null,
          "IsBundle": false,
          "ChildProducts": []
        }
      ],
      "Name": "Cadbury Baking Milk Chocolate Chips"
    }
  ],
  "Corrections": null,
  "SearchResultsCount": 97,
  "VisualShoppingAisleResponse": [],
  "Aggregations": [
    {
      "Name": "Category",
      "DisplayName": "Category",
      "Type": "Multi",
      "FilterType": "Term",
      "FilterDataType": "String",
      "Results": [
        {
          "Name": "1_099FB37",
          "Term": "1_099FB37",
          "ExtraOutputFields": {
            "description.raw": "Snacks & Confectionery",
            "nodelevel.raw": "2",
            "displayorder.raw": "33",
            "parentnodeid.raw": "1_39FD49C"
          },
          "Min": null,
          "Max": null,
          "Applied": false,
          "Count": 66
        },
        {
          "Name": "1_1205EB9",
          "Term": "1_1205EB9",
          "ExtraOutputFields": {
            "description.raw": "UK Foods",
            "nodelevel.raw": "3",
            "displayorder.raw": "269",
            "parentnodeid.raw": "1_53601CD"
          },
          "Min": null,
          "Max": null,
          "Applied": false,
          "Count": 2
        },
        {
          "Name": "1_2F0BF1B",
          "Term": "1_2F0BF1B",
          "ExtraOutputFields": {
            "description.raw": "Biscuits & Cookies",
            "nodelevel.raw": "3",
            "displayorder.raw": "144",
            "parentnodeid.raw": "1_099FB37"
          },
          "Min": null,
          "Max": null,
          "Applied": false,
          "Count": 3
        },
        {
          "Name": "1_30594F5",
          "Term": "1_30594F5",
          "ExtraOutputFields": {
            "description.raw": "Premium Ice Cream",
            "nodelevel.raw": "3",
            "displayorder.raw": "581",
            "parentnodeid.raw": "1_D04DE47"
          },
          "Min": null,
          "Max": null,
          "Applied": false,
          "Count": 3
        },
        {
          "Name": "1_37BD0C8",
          "Term": "1_37BD0C8",
          "ExtraOutputFields": {
            "description.raw": "Cooking Chocolate & Cocoa",
            "nodelevel.raw": "3",
            "displayorder.raw": "373",
            "parentnodeid.raw": "1_8458E3A"
          },
          "Min": null,
          "Max": null,
          "Applied": false,
          "Count": 11
        },
        {
          "Name": "1_39FD49C",
          "Term": "1_39FD49C",
          "ExtraOutputFields": {
            "description.raw": "Pantry",
            "nodelevel.raw": "1",
            "displayorder.raw": "5"
          },
          "Min": null,
          "Max": null,
          "Applied": false,
          "Count": 79
        },
        {
          "Name": "1_53601CD",
          "Term": "1_53601CD",
          "ExtraOutputFields": {
            "description.raw": "International Foods",
            "nodelevel.raw": "2",
            "displayorder.raw": "40",
            "parentnodeid.raw": "1_39FD49C"
          },
          "Min": null,
          "Max": null,
          "Applied": false,
          "Count": 2
        },
        {
          "Name": "1_5AF3A0A",
          "Term": "1_5AF3A0A",
          "ExtraOutputFields": {
            "description.raw": "Drinks",
            "nodelevel.raw": "1",
            "displayorder.raw": "7"
          },
          "Min": null,
          "Max": null,
          "Applied": false,
          "Count": 1
        },
        {
          "Name": "1_62B7AA0",
          "Term": "1_62B7AA0",
          "ExtraOutputFields": {
            "description.raw": "Packaged Bread & Bakery",
            "nodelevel.raw": "2",
            "displayorder.raw": "109",
            "parentnodeid.raw": "1_DEB537E"
          },
          "Min": null,
          "Max": null,
          "Applied": false,
          "Count": 6
        },
        {
          "Name": "1_6C38ED0",
          "Term": "1_6C38ED0",
          "ExtraOutputFields": {
            "description.raw": "Drinking Chocolate",
            "nodelevel.raw": "3",
            "displayorder.raw": "670",
            "parentnodeid.raw": "1_F4FDD26"
          },
          "Min": null,
          "Max": null,
          "Applied": false,
          "Count": 1
        },
        {
          "Name": "1_6FF7DC1",
          "Term": "1_6FF7DC1",
          "ExtraOutputFields": {
            "description.raw": "Chocolate Boxes & Gifts",
            "nodelevel.raw": "3",
            "displayorder.raw": "157",
            "parentnodeid.raw": "1_099FB37"
          },
          "Min": null,
          "Max": null,
          "Applied": false,
          "Count": 4
        },
        {
          "Name": "1_75F932A",
          "Term": "1_75F932A",
          "ExtraOutputFields": {
            "description.raw": "Cakes",
            "nodelevel.raw": "3",
            "displayorder.raw": "317",
            "parentnodeid.raw": "1_62B7AA0"
          },
          "Min": null,
          "Max": null,
          "Applied": false,
          "Count": 6
        },
        {
          "Name": "1_7CC166B",
          "Term": "1_7CC166B",
          "ExtraOutputFields": {
            "description.raw": "Ice Cream Cakes",
            "nodelevel.raw": "3",
            "displayorder.raw": "584",
            "parentnodeid.raw": "1_D04DE47"
          },
          "Min": null,
          "Max": null,
          "Applied": false,
          "Count": 2
        },
        {
          "Name": "1_80CCBDB",
          "Term": "1_80CCBDB",
          "ExtraOutputFields": {
            "description.raw": "Frozen Desserts",
            "nodelevel.raw": "2",
            "displayorder.raw": "92",
            "parentnodeid.raw": "1_ACA2FC2"
          },
          "Min": null,
          "Max": null,
          "Applied": false,
          "Count": 2
        },
        {
          "Name": "1_8458E3A",
          "Term": "1_8458E3A",
          "ExtraOutputFields": {
            "description.raw": "Baking",
            "nodelevel.raw": "2",
            "displayorder.raw": "35",
            "parentnodeid.raw": "1_39FD49C"
          },
          "Min": null,
          "Max": null,
          "Applied": false,
          "Count": 11
        },
        {
          "Name": "1_8696E89",
          "Term": "1_8696E89",
          "ExtraOutputFields": {
            "description.raw": "Sweets, Lollies & Licorice",
            "nodelevel.raw": "3",
            "displayorder.raw": "150",
            "parentnodeid.raw": "1_099FB37"
          },
          "Min": null,
          "Max": null,
          "Applied": false,
          "Count": 4
        },
        {
          "Name": "1_8FCCC36",
          "Term": "1_8FCCC36",
          "ExtraOutputFields": {
            "description.raw": "Ice Cream Multi Packs",
            "nodelevel.raw": "3",
            "displayorder.raw": "580",
            "parentnodeid.raw": "1_D04DE47"
          },
          "Min": null,
          "Max": null,
          "Applied": false,
          "Count": 3
        },
        {
          "Name": "1_9827098",
          "Term": "1_9827098",
          "ExtraOutputFields": {
            "description.raw": "Chocolate Bars",
            "nodelevel.raw": "3",
            "displayorder.raw": "149",
            "parentnodeid.raw": "1_099FB37"
          },
          "Min": null,
          "Max": null,
          "Applied": false,
          "Count": 25
        },
        {
          "Name": "1_A177C11",
          "Term": "1_A177C11",
          "ExtraOutputFields": {
            "description.raw": "Cakes & Cheesecakes",
            "nodelevel.raw": "3",
            "displayorder.raw": "354",
            "parentnodeid.raw": "1_80CCBDB"
          },
          "Min": null,
          "Max": null,
          "Applied": false,
          "Count": 2
        },
        {
          "Name": "1_A28E287",
          "Term": "1_A28E287",
          "ExtraOutputFields": {
            "description.raw": "Chocolate Blocks",
            "nodelevel.raw": "3",
            "displayorder.raw": "155",
            "parentnodeid.raw": "1_099FB37"
          },
          "Min": null,
          "Max": null,
          "Applied": false,
          "Count": 34
        },
        {
          "Name": "1_ACA2FC2",
          "Term": "1_ACA2FC2",
          "ExtraOutputFields": {
            "description.raw": "Freezer",
            "nodelevel.raw": "1",
            "displayorder.raw": "6"
          },
          "Min": null,
          "Max": null,
          "Applied": false,
          "Count": 8
        },
        {
          "Name": "1_B05DE1A",
          "Term": "1_B05DE1A",
          "ExtraOutputFields": {
            "description.raw": "Ice Cream Tubs",
            "nodelevel.raw": "3",
            "displayorder.raw": "579",
            "parentnodeid.raw": "1_D04DE47"
          },
          "Min": null,
          "Max": null,
          "Applied": false,
          "Count": 3
        },
        {
          "Name": "1_D04DE47",
          "Term": "1_D04DE47",
          "ExtraOutputFields": {
            "description.raw": "Ice Cream",
            "nodelevel.raw": "2",
            "displayorder.raw": "91",
            "parentnodeid.raw": "1_ACA2FC2"
          },
          "Min": null,
          "Max": null,
          "Applied": false,
          "Count": 8
        },
        {
          "Name": "1_DEB537E",
          "Term": "1_DEB537E",
          "ExtraOutputFields": {
            "description.raw": "Bakery",
            "nodelevel.raw": "1",
            "displayorder.raw": "3"
          },
          "Min": null,
          "Max": null,
          "Applied": false,
          "Count": 6
        },
        {
          "Name": "1_E74F8DE",
          "Term": "1_E74F8DE",
          "ExtraOutputFields": {
            "description.raw": "Chocolate Share Packs",
            "nodelevel.raw": "3",
            "displayorder.raw": "156",
            "parentnodeid.raw": "1_099FB37"
          },
          "Min": null,
          "Max": null,
          "Applied": false,
          "Count": 14
        },
        {
          "Name": "1_F4FDD26",
          "Term": "1_F4FDD26",
          "ExtraOutputFields": {
            "description.raw": "Flavoured Milk",
            "nodelevel.raw": "2",
            "displayorder.raw": "49",
            "parentnodeid.raw": "1_5AF3A0A"
          },
          "Min": null,
          "Max": null,
          "Applied": false,
          "Count": 1
        }
      ],
      "State": "Closed",
      "Rank": 0,
      "AdditionalResults": false,
      "DesignType": null
    }
  ]
}