{
  "Products": [
    {
      "Products": [
        {
          "Stockcode": 377293,
          "Barcode": "9336628000032",
          "GtinFormat": 13,
          "CupPrice": 0.83,
          "CupMeasure": "1EA",
          "CupString": "$0.83 / 1EA",
          "HasCupPrice": true,
          "Price": 8.3,
          "Name": "Piksters Dental Floss Interdental Brush Medium",
          "UrlFriendlyName": "piksters-dental-floss-interdental-brush-medium",
          "Description": " Piksters Dental Floss<br>Interdental Brush... 10pk",
          "SmallImageFile": "https://cdn0.woolworths.media/content/wowproductimages/small/377293.jpg",
          "MediumImageFile": "https://cdn0.woolworths.media/content/wowproductimages/medium/377293.jpg",
          "LargeImageFile": "https://cdn0.woolworths.media/content/wowproductimages/large/377293.jpg",
          "IsNew": false,
          "IsOnSpecial": false,
          "IsEdrSpecial": false,
          "SavingsAmount": 0.0,
          "WasPrice": 8.3,
          "QuantityInTrolley": 0,
          "Unit": "Each",
          "MinimumQuantity": 1,
          "IsInTrolley": false,
          "Source": "SearchProducts",
          "SupplyLimit": 36,
          "PackageSize": "10pk",
          "IsPmDelivery": false,
          "IsForCollection": true,
          "IsForDelivery": true,
          "CentreTag": {
            "TagContent": null,
            "TagLink": null,
            "FallbackText": null,
            "TagType": "None"
          },
          "IsCentreTag": false,
          "ImageTag": {
            "TagContent": null,
            "TagLink": null,
            "FallbackText": "",
            "TagType": "None"
          },
          "HeaderTag": null,
          "HasHeaderTag": false,
          "UnitWeightInGrams": 9,
          "SupplyLimitMessage": "'Piksters Dental Floss Interdental Brush Medium' has a supply limit of 36. The quantity in your cart has been reduced accordingly. To purchase a larger quantity, please contact us on 1800 000 610, or e-mail us at shoponline@woolworths.com.au. Please note - we do not supply trade orders.",
          "SmallFormatDescription": "Piksters Dental Floss Interdental Brush Medium",
          "FullDescription": "Piksters Dental Floss Interdental Brush Medium",
          "IsAvailable": true,
          "AgeRestricted": false,
          "DisplayQuantity": 1,
          "RichDescription": "<p>Size 3 yellow handle for medium tooth gaps and general oral hygiene.</p><p>Why use Piksters ?</p><p>Piksters bristles reach into and clean the indents on the surfaces between your teeth especially at the gum line of molars and premolars. Floss is not as effective in this situation.</p><p>If you don't like flossing try our new SupaGrips flosser/toothpick.</p>",
          "IsDeliveryPass": false,
          "HideWasSavedPrice": false,
          "SapCategories": null,
          "Brand": "piksters",
          "FooterTag": {
            "TagContent": null,
            "TagLink": null,
            "FallbackText": null,
            "TagType": "None"
          },
          "IsFooterEnabled": false,
          "Diagnostics": "0",
          "IsBundle": false,
          "ChildProducts": []
        }
      ],
      "Name": "Piksters Dental Floss Interdental Brush Medium"
    },
    {
      "Products": [
        {
          "Stockcode": 376487,
          "Barcode": "9336628000018",
          "GtinFormat": 13,
          "CupPrice": 0.83,
          "CupMeasure": "1EA",
          "CupString": "$0.83 / 1EA",
          "HasCupPrice": true,
          "Price": 8.3,
          "Name": "Piksters Dental Floss Interdental Brush Small",
          "UrlFriendlyName": "piksters-dental-floss-interdental-brush-small",
          "Description": " Piksters Dental Floss<br>Interdental Brush... 10pk",
          "SmallImageFile": "https://cdn0.woolworths.media/content/wowproductimages/small/376487.jpg",
          "MediumImageFile": "https://cdn0.woolworths.media/content/wowproductimages/medium/376487.jpg",
          "LargeImageFile": "https://cdn0.woolworths.media/content/wowproductimages/large/376487.jpg",
          "IsNew": false,
          "IsOnSpecial": false,
          "IsEdrSpecial": false,
          "SavingsAmount": 0.0,
          "WasPrice": 8.3,
          "QuantityInTrolley": 0,
          "Unit": "Each",
          "MinimumQuantity": 1,
          "IsInTrolley": false,
          "Source": "SearchProducts",
          "SupplyLimit": 36,
          "PackageSize": "10pk",
          "IsPmDelivery": false,
          "IsForCollection": true,
          "IsForDelivery": true,
          "CentreTag": {
            "TagContent": null,
            "TagLink": null,
            "FallbackText": null,
            "TagType": "None"
          },
          "IsCentreTag": false,
          "ImageTag": {
            "TagContent": null,
            "TagLink": null,
            "FallbackText": "",
            "TagType": "None"
          },
          "HeaderTag": null,
          "HasHeaderTag": false,
          "UnitWeightInGrams": 9,
          "SupplyLimitMessage": "'Piksters Dental Floss Interdental Brush Small' has a supply limit of 36. The quantity in your cart has been reduced accordingly. To purchase a larger quantity, please contact us on 1800 000 610, or e-mail us at shoponline@woolworths.com.au. Please note - we do not supply trade orders.",
          "SmallFormatDescription": "Piksters Dental Floss Interdental Brush Small",
          "FullDescription": "Piksters Dental Floss Interdental Brush Small",
          "IsAvailable": true,
          "AgeRestricted": false,
          "DisplayQuantity": 1,
          "RichDescription": "<p>Size 1 Purple handle for small tooth gaps and general oral hygiene</p><p>Why use Piksters ?</p><p>Piksters bristles reach into and clean the indents on the surfaces between your teeth especially at the gum line of molars and premolars. Floss is not as effective in this situation.</p><p>If you don't like flossing try our new SupaGrips flosser/toothpick</p>",
          "IsDeliveryPass": false,
          "HideWasSavedPrice": false,
          "SapCategories": null,
          "Brand": "piksters",
          "FooterTag": {
            "TagContent": null,
            "TagLink": null,
            "FallbackText": null,
            "TagType": "None"
          },
          "IsFooterEnabled": false,
          "Diagnostics": "1",
          "IsBundle": false,
          "ChildProducts": []
        }
      ],
      "Name": "Piksters Dental Floss Interdental Brush Small"
    },
    {
      "Products": [
        {
          "Stockcode": 377295,
          "Barcode": "9336628000056",
          "GtinFormat": 13,
          "CupPrice": 0.83,
          "CupMeasure": "1EA",
          "CupString": "$0.83 / 1EA",
          "HasCupPrice": true,
          "Price": 8.3,
          "Name": "Piksters Dental Floss Interdental Brush Large",
          "UrlFriendlyName": "piksters-dental-floss-interdental-brush-large",
          "Description": " Piksters Dental Floss<br>Interdental Brush... 10pk",
          "SmallImageFile": "https://cdn0.woolworths.media/content/wowproductimages/small/377295.jpg",
          "MediumImageFile": "https://cdn0.woolworths.media/content/wowproductimages/medium/377295.jpg",
          "LargeImageFile": "https://cdn0.woolworths.media/content/wowproductimages/large/377295.jpg",
          "IsNew": false,
          "IsOnSpecial": false,
          "IsEdrSpecial": false,
          "SavingsAmount": 0.0,
          "WasPrice": 8.3,
          "QuantityInTrolley": 0,
          "Unit": "Each",
          "MinimumQuantity": 1,
          "IsInTrolley": false,
          "Source": "SearchProducts",
          "SupplyLimit": 36,
          "PackageSize": "10pk",
          "IsPmDelivery": false,
          "IsForCollection": true,
          "IsForDelivery": true,
          "CentreTag": {
            "TagContent": null,
            "TagLink": null,
            "FallbackText": null,
            "TagType": "None"
          },
          "IsCentreTag": false,
          "ImageTag": {
            "TagContent": null,
            "TagLink": null,
            "FallbackText": "",
            "TagType": "None"
          },
          "HeaderTag": null,
          "HasHeaderTag": false,
          "UnitWeightInGrams": 9,
          "SupplyLimitMessage": "'Piksters Dental Floss Interdental Brush Large' has a supply limit of 36. The quantity in your cart has been reduced accordingly. To purchase a larger quantity, please contact us on 1800 000 610, or e-mail us at shoponline@woolworths.com.au. Please note - we do not supply trade orders.",
          "SmallFormatDescription": "Piksters Dental Floss Interdental Brush Large",
          "FullDescription": "Piksters Dental Floss Interdental Brush Large",
          "IsAvailable": true,
          "AgeRestricted": false,
          "DisplayQuantity": 1,
          "RichDescription": "<p>Size 5 Blue handle for larger tooth gaps, bridges, implants, orthodontics etc</p><p>Why use Piksters?</p><p>Piksters bristles reach into and clean the indents on the surfaces between your teeth especially at the gum line of molars and premolars. Floss is not as effective in this situation.</p><p>If you don't like flossing try our new SupaGrips flosser/toothpick.</p>",
          "IsDeliveryPass": false,
          "HideWasSavedPrice": false,
          "SapCategories": null,
          "Brand": "piksters",
          "FooterTag": {
            "TagContent": null,
            "TagLink": null,
            "FallbackText": null,
            "TagType": "None"
          },
          "IsFooterEnabled": false,
          "Diagnostics": "2",
          "IsBundle": false,
          "ChildProducts": []
        }
      ],
      "Name": "Piksters Dental Floss Interdental Brush Large"
    },
    {
      "Products": [
        {
          "Stockcode": 580269,
          "Barcode": "4902430721127",
          "GtinFormat": 13,
          "CupPrice": 0.03,
          "CupMeasure": "1M",
          "CupString": "$0.03 / 1M",
          "HasCupPrice": true,
          "Price": 3,
          "Name": "Oral B Essential 2x50m Waxed Dental Floss",
          "UrlFriendlyName": "oral-b-essential-2x50m-waxed-dental-floss",
          "Description": " Oral B Essential 2x50m Waxed<br>Dental Floss 100m",
          "SmallImageFile": "https://cdn0.woolworths.media/content/wowproductimages/small/580269.jpg",
          "MediumImageFile": "https://cdn0.woolworths.media/content/wowproductimages/medium/580269.jpg",
          "LargeImageFile": "https://cdn0.woolworths.media/content/wowproductimages/large/580269.jpg",
          "IsNew": false,
          "IsOnSpecial": true,
          "IsEdrSpecial": false,
          "SavingsAmount": 3,
          "WasPrice": 6,
          "QuantityInTrolley": 0,
          "Unit": "Each",
          "MinimumQuantity": 1,
          "IsInTrolley": false,
          "Source": "SearchProducts",
          "SupplyLimit": 36,
          "PackageSize": "100m",
          "IsPmDelivery": false,
          "IsForCollection": true,
          "IsForDelivery": true,
          "CentreTag": {
            "TagContent": null,
            "TagLink": null,
            "FallbackText": null,
            "TagType": "None"
          },
          "IsCentreTag": false,
          "ImageTag": {
            "TagContent": "/content/promotiontags/final-half-price.png",
            "TagLink": "",
            "FallbackText": "Half Price",
            "TagType": "None"
          },
          "HeaderTag": {
            "BackgroundColor": "#fd0",
            "BorderColor": "#fd0",
            "TextColor": "#000",
            "Content": "Save $3.00",
            "TagLink": null,
            "Promotion": "Special"
          },
          "HasHeaderTag": true,
          "UnitWeightInGrams": 30,
          "SupplyLimitMessage": "'Oral B Essential 2x50m Waxed Dental Floss' has a supply limit of 36. The quantity in your cart has been reduced accordingly. To purchase a larger quantity, please contact us on 1800 000 610, or e-mail us at shoponline@woolworths.com.au. Please note - we do not supply trade orders.",
          "SmallFormatDescription": "Oral B Essential 2x50m Waxed Dental Floss",
          "FullDescription": "Oral B Essential 2x50m Waxed Dental Floss",
          "IsAvailable": true,
          "AgeRestricted": false,
          "DisplayQuantity": 1,
          "RichDescription": "<p>Brushing alone can't get to all the hard-to-reach places where plaque builds up. But Oral-B EssentialFloss can. With its light wax coating and its shred-resistant texture, it slides easily between your teeth. It helps clean the tough-to-get plaque away. Used morning or evening when you brush, Oral-B EssentialFloss helps your gums and your teeth stay healthy.</p>",
          "IsDeliveryPass": false,
          "HideWasSavedPrice": false,
          "SapCategories": null,
          "Brand": "oral b essential",
          "FooterTag": {
            "TagContent": null,
            "TagLink": null,
            "FallbackText": null,
            "TagType": "None"
          },
          "IsFooterEnabled": false,
          "Diagnostics": "3",
          "IsBundle": false,
          "ChildProducts": []
        }
      ],
      "Name": "Oral B Essential 2x50m Waxed Dental Floss"
    },
    {
      "Products": [
        {
          "Stockcode": 42966,
          "Barcode": "9300647000342",
          "GtinFormat": 13,
          "CupPrice": 0.04,
          "CupMeasure": "1M",
          "CupString": "$0.04 / 1M",
          "HasCupPrice": true,
          "Price": 2,
          "Name": "Oral-b Essential Waxed Dental Floss Mint",
          "UrlFriendlyName": "oral-b-essential-waxed-dental-floss-mint",
          "Description": " Oral-b Essential Waxed<br>Dental Floss Mint 50m",
          "SmallImageFile": "https://cdn0.woolworths.media/content/wowproductimages/small/042966.jpg",
          "MediumImageFile": "https://cdn0.woolworths.media/content/wowproductimages/medium/042966.jpg",
          "LargeImageFile": "https://cdn0.woolworths.media/content/wowproductimages/large/042966.jpg",
          "IsNew": false,
          "IsOnSpecial": true,
          "IsEdrSpecial": false,
          "SavingsAmount": 2,
          "WasPrice": 4,
          "QuantityInTrolley": 0,
          "Unit": "Each",
          "MinimumQuantity": 1,
          "IsInTrolley": false,
          "Source": "SearchProducts",
          "SupplyLimit": 36,
          "PackageSize": "50m",
          "IsPmDelivery": false,
          "IsForCollection": true,
          "IsForDelivery": true,
          "CentreTag": {
            "TagContent": null,
            "TagLink": null,
            "FallbackText": null,
            "TagType": "None"
          },
          "IsCentreTag": false,
          "ImageTag": {
            "TagContent": "/content/promotiontags/final-half-price.png",
            "TagLink": "",
            "FallbackText": "Half Price",
            "TagType": "None"
          },
          "HeaderTag": {
            "BackgroundColor": "#fd0",
            "BorderColor": "#fd0",
            "TextColor": "#000",
            "Content": "Save $2.00",
            "TagLink": null,
            "Promotion": "Special"
          },
          "HasHeaderTag": true,
          "UnitWeightInGrams": 20,
          "SupplyLimitMessage": "'Oral-b Essential Waxed Dental Floss Mint' has a supply limit of 36. The quantity in your cart has been reduced accordingly. To purchase a larger quantity, please contact us on 1800 000 610, or e-mail us at shoponline@woolworths.com.au. Please note - we do not supply trade orders.",
          "SmallFormatDescription": "Oral-b Essential Waxed Dental Floss Mint",
          "FullDescription": "Oral-b Essential Waxed Dental Floss Mint",
          "IsAvailable": true,
          "AgeRestricted": false,
          "DisplayQuantity": 1,
          "RichDescription": "Oral-B EssentialFloss Waxed Dental Floss removes plaque where your brush can't reach.<p>Oral-B EssentialFloss</p>\n<p>Brushing alone can't get to all the hard-to-reach places where plaque builds up. But Oral-B EssentialFloss can. With its light wax coating and its shred-resistant texture, it slides easily between your teeth. It helps clean the tough-to-get plaque away. Used morning or evening when you brush, Oral-B EssentialFloss helps your gums and your teeth stay healthy.</p>",
          "IsDeliveryPass": false,
          "HideWasSavedPrice": false,
          "SapCategories": null,
          "Brand": "oral-b essential",
          "FooterTag": {
            "TagContent": null,
            "TagLink": null,
            "FallbackText": null,
            "TagType": "None"
          },
          "IsFooterEnabled": false,
          "Diagnostics": "4",
          "IsBundle": false,
          "ChildProducts": []
        }
      ],
      "Name": "Oral-b Essential Waxed Dental Floss Mint"
    },
    {
      "Products": [
        {
          "Stockcode": 101697,
          "Barcode": "9300647788707",
          "GtinFormat": 13,
          "CupPrice": 0.08,
          "CupMeasure": "1M",
          "CupString": "$0.08 / 1M",
          "HasCupPrice": true,
          "Price": 2,
          "Name": "Oral-b Satin Tape Mint",
          "UrlFriendlyName": "oral-b-satin-tape-mint",
          "Description": " Oral-b Satin Tape Mint 25m",
          "SmallImageFile": "https://cdn0.woolworths.media/content/wowproductimages/small/101697.jpg",
          "MediumImageFile": "https://cdn0.woolworths.media/content/wowproductimages/medium/101697.jpg",
          "LargeImageFile": "https://cdn0.woolworths.media/content/wowproductimages/large/101697.jpg",
          "IsNew": false,
          "IsOnSpecial": true,
          "IsEdrSpecial": false,
          "SavingsAmount": 2,
          "WasPrice": 4,
          "QuantityInTrolley": 0,
          "Unit": "Each",
          "MinimumQuantity": 1,
          "IsInTrolley": false,
          "Source": "SearchProducts",
          "SupplyLimit": 36,
          "PackageSize": "25m",
          "IsPmDelivery": false,
          "IsForCollection": true,
          "IsForDelivery": true,
          "CentreTag": {
            "TagContent": null,
            "TagLink": null,
            "FallbackText": null,
            "TagType": "None"
          },
          "IsCentreTag": false,
          "ImageTag": {
            "TagContent": "/content/promotiontags/final-half-price.png",
            "TagLink": "",
            "FallbackText": "Half Price",
            "TagType": "None"
          },
          "HeaderTag": {
            "BackgroundColor": "#fd0",
            "BorderColor": "#fd0",
            "TextColor": "#000",
            "Content": "Save $2.00",
            "TagLink": null,
            "Promotion": "Special"
          },
          "HasHeaderTag": true,
          "UnitWeightInGrams": 20,
          "SupplyLimitMessage": "'Oral-b Satin Tape Mint' has a supply limit of 36. The quantity in your cart has been reduced accordingly. To purchase a larger quantity, please contact us on 1800 000 610, or e-mail us at shoponline@woolworths.com.au. Please note - we do not supply trade orders.",
          "SmallFormatDescription": "Oral-b Satin Tape Mint",
          "FullDescription": "Oral-b Satin Tape Mint",
          "IsAvailable": true,
          "AgeRestricted": false,
          "DisplayQuantity": 1,
          "RichDescription": "Oral-B SatinTape Mint is dental tape, 50% wider than SatinFloss. It gives a burst of freshness with a wide satin-like ribbon and a comfort grip.<p>Oral-B SatinTape</p>\n<p>Flossing action for a fresh clean feeling.</p>\n<p>Oral-B SatinTape instantly feels different as it releases a burst of mint freshness on contact that lets you know it is working. Its unique wide satin-like ribbon is comfortable to handle. It effectively cleans out plaque and particles between your teeth, so your teeth feel squeaky clean.</p>",
          "IsDeliveryPass": false,
          "HideWasSavedPrice": false,
          "SapCategories": null,
          "Brand": "oral-b",
          "FooterTag": {
            "TagContent": null,
            "TagLink": null,
            "FallbackText": null,
            "TagType": "None"
          },
          "IsFooterEnabled": false,
          "Diagnostics": "5",
          "IsBundle": false,
          "ChildProducts": []
        }
      ],
      "Name": "Oral-b Satin Tape Mint"
    },
    {
      "Products": [
        {
          "Stockcode": 569369,
          "Barcode": "9300607090901",
          "GtinFormat": 13,
          "CupPrice": 1.86,
          "CupMeasure": "100ML",
          "CupString": "$1.86 / 100ML",
          "HasCupPrice": true,
          "Price": 9.3,
          "Name": "Listerine Total Care Zero Alcohol",
          "UrlFriendlyName": "listerine-total-care-zero-alcohol",
          "Description": " Listerine Total Care Zero<br>Alcohol 500ml",
          "SmallImageFile": "https://cdn0.woolworths.media/content/wowproductimages/small/569369.jpg",
          "MediumImageFile": "https://cdn0.woolworths.media/content/wowproductimages/medium/569369.jpg",
          "LargeImageFile": "https://cdn0.woolworths.media/content/wowproductimages/large/569369.jpg",
          "IsNew": false,
          "IsOnSpecial": false,
          "IsEdrSpecial": false,
          "SavingsAmount": 0.0,
          "WasPrice": 9.3,
          "QuantityInTrolley": 0,
          "Unit": "Each",
          "MinimumQuantity": 1,
          "IsInTrolley": false,
          "Source": "SearchProducts",
          "SupplyLimit": 36,
          "PackageSize": "500ml",
          "IsPmDelivery": false,
          "IsForCollection": true,
          "IsForDelivery": true,
          "CentreTag": {
            "TagContent": null,
            "TagLink": null,
            "FallbackText": null,
            "TagType": "None"
          },
          "IsCentreTag": false,
          "ImageTag": {
            "TagContent": null,
            "TagLink": null,
            "FallbackText": "",
            "TagType": "None"
          },
          "HeaderTag": null,
          "HasHeaderTag": false,
          "UnitWeightInGrams": 578,
          "SupplyLimitMessage": "'Listerine Total Care Zero Alcohol' has a supply limit of 36. The quantity in your cart has been reduced accordingly. To purchase a larger quantity, please contact us on 1800 000 610, or e-mail us at shoponline@woolworths.com.au. Please note - we do not supply trade orders.",
          "SmallFormatDescription": "Listerine Total Care Zero Alcohol",
          "FullDescription": "Listerine Total Care Zero Alcohol",
          "IsAvailable": true,
          "AgeRestricted": false,
          "DisplayQuantity": 1,
          "RichDescription": "<p>Listerine Total Care zero alcohol has a less intense taste with 6 benefits for total oral health. It's proven to help: </p><p>1. Reduce plaque. </p><p>2. Protect healthy gums.</p><p>3. Strengthen teeth against cavities.</p><p>4. Prevent tartar to keep teeth naturally white. </p><p>5. Kill germs. </p><p>6. Provide long lasting fresh breath. </p>",
          "IsDeliveryPass": false,
          "HideWasSavedPrice": false,
          "SapCategories": null,
          "Brand": "listerine",
          "FooterTag": {
            "TagContent": null,
            "TagLink": null,
            "FallbackText": null,
            "TagType": "None"
          },
          "IsFooterEnabled": false,
          "Diagnostics": "6",
          "IsBundle": false,
          "ChildProducts": []
        }
      ],
      "Name": "Listerine Total Care Zero Alcohol"
    },
    {
      "Products": [
        {
          "Stockcode": 426201,
          "Barcode": "4902430670043",
          "GtinFormat": 13,
          "CupPrice": 0.95,
          "CupMeasure": "100ML",
          "CupString": "$0.95 / 100ML",
          "HasCupPrice": true,
          "Price": 4.5,
          "Name": "Oral-b 3d White Luxe Mouthwash Diamond Strong Clean Mint",
          "UrlFriendlyName": "oral-b-3d-white-luxe-mouthwash-diamond-strong-clean-mint",
          "Description": " Oral-b 3d White Luxe<br>Mouthwash Diamond... 473ml",
          "SmallImageFile": "https://cdn0.woolworths.media/content/wowproductimages/small/426201.jpg",
          "MediumImageFile": "https://cdn0.woolworths.media/content/wowproductimages/medium/426201.jpg",
          "LargeImageFile": "https://cdn0.woolworths.media/content/wowproductimages/large/426201.jpg",
          "IsNew": false,
          "IsOnSpecial": true,
          "IsEdrSpecial": false,
          "SavingsAmount": 4.5,
          "WasPrice": 9,
          "QuantityInTrolley": 0,
          "Unit": "Each",
          "MinimumQuantity": 1,
          "IsInTrolley": false,
          "Source": "SearchProducts",
          "SupplyLimit": 36,
          "PackageSize": "473ml",
          "IsPmDelivery": false,
          "IsForCollection": true,
          "IsForDelivery": true,
          "CentreTag": {
            "TagContent": "<span style=\"COLOR: #e2001a\"> Was $9.99 14/11/16</span>",
            "TagLink": null,
            "FallbackText": null,
            "TagType": "Html"
          },
          "IsCentreTag": true,
          "ImageTag": {
            "TagContent": "/content/promotiontags/final-half-price.png",
            "TagLink": "",
            "FallbackText": "Half Price",
            "TagType": "None"
          },
          "HeaderTag": {
            "BackgroundColor": "#fd0",
            "BorderColor": "#fd0",
            "TextColor": "#000",
            "Content": "Save $4.50",
            "TagLink": null,
            "Promotion": "Special"
          },
          "HasHeaderTag": true,
          "UnitWeightInGrams": 570,
          "SupplyLimitMessage": "'Oral-b 3d White Luxe Mouthwash Diamond Strong Clean Mint' has a supply limit of 36. The quantity in your cart has been reduced accordingly. To purchase a larger quantity, please contact us on 1800 000 610, or e-mail us at shoponline@woolworths.com.au. Please note - we do not supply trade orders.",
          "SmallFormatDescription": "Oral-b 3d White Luxe Mouthwash Diamond Strong Clean Mint",
          "FullDescription": "Oral-b 3d White Luxe Mouthwash Diamond Strong Clean Mint",
          "IsAvailable": true,
          "AgeRestricted": false,
          "DisplayQuantity": 1,
          "RichDescription": "Oral-B 3D White Luxe Diamond Strong effectively whitens teeth, strengthens tooth enamel and kills bad breath germs. <p>Oral-B 3D White Luxe?Diamond Strong?Whitening and Enamel Strengthening Rinse.</p>\n<p>- Strengthens enamel to help prevent cavities.</p>\n<p>- Gentle foaming action gently whitens teeth(by removing surface stains).</p>\n<p>- Freshens breath.</p>",
          "IsDeliveryPass": false,
          "HideWasSavedPrice": false,
          "SapCategories": null,
          "Brand": "oral-b 3d white luxe",
          "FooterTag": {
            "TagContent": "<div class=\"productTag-pricedropped\" style=\"\r\nheight:46px;\r\nposition:absolute;\r\ntop:-4px;\r\nleft:0;\r\nwidth:100%;\r\nbackground:white;\r\noutline: 1px solid #c20016;\r\ntext-align:center;\">\r\n\r\n<img src=\"https://wowpmediaaae.azureedge.net/content/content/pricedropped-footer-transparent.png\" width=\"204px\" height=\"16px\" alt=\"Price Dropped\" style=\"display:inline-block;margin-top:15px;max-width: 100%;\">\r\n</div>",
            "TagLink": null,
            "FallbackText": null,
            "TagType": "Html"
          },
          "IsFooterEnabled": true,
          "Diagnostics": "7",
          "IsBundle": false,
          "ChildProducts": []
        }
      ],
      "Name": "Oral-b 3d White Luxe Mouthwash Diamond Strong Clean Mint"
    },
    {
      "Products": [
        {
          "Stockcode": 20523,
          "Barcode": "9310059207994",
          "GtinFormat": 13,
          "CupPrice": 0.94,
          "CupMeasure": "100ML",
          "CupString": "$0.94 / 100ML",
          "HasCupPrice": true,
          "Price": 9.39,
          "Name": "Listerine Mouthwash ",
          "UrlFriendlyName": "listerine-mouthwash",
          "Description": " Listerine Mouthwash  1l",
          "SmallImageFile": "https://cdn0.woolworths.media/content/wowproductimages/small/020523.jpg",
          "MediumImageFile": "https://cdn0.woolworths.media/content/wowproductimages/medium/020523.jpg",
          "LargeImageFile": "https://cdn0.woolworths.media/content/wowproductimages/large/020523.jpg",
          "IsNew": false,
          "IsOnSpecial": false,
          "IsEdrSpecial": false,
          "SavingsAmount": 0.00,
          "WasPrice": 9.39,
          "QuantityInTrolley": 0,
          "Unit": "Each",
          "MinimumQuantity": 1,
          "IsInTrolley": false,
          "Source": "SearchProducts",
          "SupplyLimit": 36,
          "PackageSize": "1l",
          "IsPmDelivery": false,
          "IsForCollection": true,
          "IsForDelivery": true,
          "CentreTag": {
            "TagContent": "<span style=\"COLOR: #e2001a\"> Was $9.80 24/07/16</span>",
            "TagLink": null,
            "FallbackText": null,
            "TagType": "Html"
          },
          "IsCentreTag": true,
          "ImageTag": {
            "TagContent": null,
            "TagLink": null,
            "FallbackText": "",
            "TagType": "None"
          },
          "HeaderTag": {
            "BackgroundColor": "#fff",
            "BorderColor": "#c20016",
            "TextColor": "#c20016",
            "Content": "<span class=\"u-semibold\">Price dropped</span>",
            "TagLink": null,
            "Promotion": "PriceDropped"
          },
          "HasHeaderTag": true,
          "UnitWeightInGrams": 1000,
          "SupplyLimitMessage": "'Listerine Mouthwash ' has a supply limit of 36. The quantity in your cart has been reduced accordingly. To purchase a larger quantity, please contact us on 1800 000 610, or e-mail us at shoponline@woolworths.com.au. Please note - we do not supply trade orders.",
          "SmallFormatDescription": "Listerine Mouthwash ",
          "FullDescription": "Listerine Mouthwash ",
          "IsAvailable": true,
          "AgeRestricted": false,
          "DisplayQuantity": 1,
          "RichDescription": "<p>Plaque is caused by germs in the mouth. Plaque buildup may lead to gingivitis, an early form of gum disease. The symptoms of gingivitis are redness, swelling and bleeding gums. Gum disease is a major cause of tooth loss. When used twice daily as part of regular oral hygiene, Listerine kills the germs that cause bad breath, plaque and gingivitis.</p>",
          "IsDeliveryPass": false,
          "HideWasSavedPrice": false,
          "SapCategories": null,
          "Brand": "listerine",
          "FooterTag": {
            "TagContent": "<div class=\"productTag-pricedropped\" style=\"\r\nheight:46px;\r\nposition:absolute;\r\ntop:-4px;\r\nleft:0;\r\nwidth:100%;\r\nbackground:white;\r\noutline: 1px solid #c20016;\r\ntext-align:center;\">\r\n\r\n<img src=\"https://wowpmediaaae.azureedge.net/content/content/pricedropped-footer-transparent.png\" width=\"204px\" height=\"16px\" alt=\"Price Dropped\" style=\"display:inline-block;margin-top:15px;max-width: 100%;\">\r\n</div>",
            "TagLink": null,
            "FallbackText": null,
            "TagType": "Html"
          },
          "IsFooterEnabled": true,
          "Diagnostics": "8",
          "IsBundle": false,
          "ChildProducts": []
        }
      ],
      "Name": "Listerine Mouthwash "
    },
    {
      "Products": [
        {
          "Stockcode": 321727,
          "Barcode": "8850006303306",
          "GtinFormat": 13,
          "CupPrice": 1.6,
          "CupMeasure": "100ML",
          "CupString": "$1.60 / 100ML",
          "HasCupPrice": true,
          "Price": 4,
          "Name": "Colgate Plax Mouthwash Fresh Mint",
          "UrlFriendlyName": "colgate-plax-mouthwash-fresh-mint",
          "Description": " Colgate Plax Mouthwash Fresh<br>Mint 250ml",
          "SmallImageFile": "https://cdn0.woolworths.media/content/wowproductimages/small/321727.jpg",
          "MediumImageFile": "https://cdn0.woolworths.media/content/wowproductimages/medium/321727.jpg",
          "LargeImageFile": "https://cdn0.woolworths.media/content/wowproductimages/large/321727.jpg",
          "IsNew": false,
          "IsOnSpecial": false,
          "IsEdrSpecial": false,
          "SavingsAmount": 0,
          "WasPrice": 4,
          "QuantityInTrolley": 0,
          "Unit": "Each",
          "MinimumQuantity": 1,
          "IsInTrolley": false,
          "Source": "SearchProducts",
          "SupplyLimit": 36,
          "PackageSize": "250ml",
          "IsPmDelivery": false,
          "IsForCollection": true,
          "IsForDelivery": true,
          "CentreTag": {
            "TagContent": null,
            "TagLink": null,
            "FallbackText": null,
            "TagType": "None"
          },
          "IsCentreTag": false,
          "ImageTag": {
            "TagContent": null,
            "TagLink": null,
            "FallbackText": "",
            "TagType": "None"
          },
          "HeaderTag": null,
          "HasHeaderTag": false,
          "UnitWeightInGrams": 250,
          "SupplyLimitMessage": "'Colgate Plax Mouthwash Fresh Mint' has a supply limit of 36. The quantity in your cart has been reduced accordingly. To purchase a larger quantity, please contact us on 1800 000 610, or e-mail us at shoponline@woolworths.com.au. Please note - we do not supply trade orders.",
          "SmallFormatDescription": "Colgate Plax Mouthwash Fresh Mint",
          "FullDescription": "Colgate Plax Mouthwash Fresh Mint",
          "IsAvailable": true,
          "AgeRestricted": false,
          "DisplayQuantity": 1,
          "RichDescription": "Colgate Plax Mouthwash Freshmint kills up to 99.9% of germs for 24/7 bad breath control.<p>Colgate Plax Freshmint</p>\n<p>Use Colgate Plax twice a day after brushing for a healthier, fresher mouth.?</p>\n<p>Forms a protective shield to neutralise the effects of bacteria & plaque for 12 hours.</p>\n<p>Start your day with great fresh breath, protecting your mouth from bacteria & plaque for up to 12 hours.?</p>\n<p>Finish your day with Colgate Plax to help ensure better Oral Hygiene & a fresher start for the following morning.</p>\n<p>Clinically tested by dentists</p>",
          "IsDeliveryPass": false,
          "HideWasSavedPrice": false,
          "SapCategories": null,
          "Brand": "colgate plax",
          "FooterTag": {
            "TagContent": null,
            "TagLink": null,
            "FallbackText": null,
            "TagType": "None"
          },
          "IsFooterEnabled": false,
          "Diagnostics": "9",
          "IsBundle": false,
          "ChildProducts": []
        },
        {
          "Stockcode": 24730,
          "Barcode": "9400541425002",
          "GtinFormat": 13,
          "CupPrice": 1,
          "CupMeasure": "100ML",
          "CupString": "$1.00 / 100ML",
          "HasCupPrice": true,
          "Price": 5,
          "Name": "Colgate Plax Mouthwash Fresh Mint",
          "UrlFriendlyName": "colgate-plax-mouthwash-fresh-mint",
          "Description": " Colgate Plax Mouthwash Fresh<br>Mint 500ml",
          "SmallImageFile": "https://cdn0.woolworths.media/content/wowproductimages/small/024730.jpg",
          "MediumImageFile": "https://cdn0.woolworths.media/content/wowproductimages/medium/024730.jpg",
          "LargeImageFile": "https://cdn0.woolworths.media/content/wowproductimages/large/024730.jpg",
          "IsNew": false,
          "IsOnSpecial": true,
          "IsEdrSpecial": false,
          "SavingsAmount": 0.99,
          "WasPrice": 5.99,
          "QuantityInTrolley": 0,
          "Unit": "Each",
          "MinimumQuantity": 1,
          "IsInTrolley": false,
          "Source": "SearchProducts",
          "SupplyLimit": 36,
          "PackageSize": "500ml",
          "IsPmDelivery": false,
          "IsForCollection": true,
          "IsForDelivery": true,
          "CentreTag": {
            "TagContent": null,
            "TagLink": null,
            "FallbackText": null,
            "TagType": "None"
          },
          "IsCentreTag": false,
          "ImageTag": {
            "TagContent": "/content/promotiontags/final-special.png",
            "TagLink": "",
            "FallbackText": "On Special",
            "TagType": "None"
          },
          "HeaderTag": {
            "BackgroundColor": "#fd0",
            "BorderColor": "#fd0",
            "TextColor": "#000",
            "Content": "Save $0.99",
            "TagLink": null,
            "Promotion": "Special"
          },
          "HasHeaderTag": true,
          "UnitWeightInGrams": 500,
          "SupplyLimitMessage": "'Colgate Plax Mouthwash Fresh Mint' has a supply limit of 36. The quantity in your cart has been reduced accordingly. To purchase a larger quantity, please contact us on 1800 000 610, or e-mail us at shoponline@woolworths.com.au. Please note - we do not supply trade orders.",
          "SmallFormatDescription": "Colgate Plax Mouthwash Fresh Mint",
          "FullDescription": "Colgate Plax Mouthwash Fresh Mint",
          "IsAvailable": true,
          "AgeRestricted": false,
          "DisplayQuantity": 1,
          "RichDescription": "Colgate Plax Mouthwash Freshmint kills up to 99.9% of Germs with 24/7 bad breath control for long lasting freshness.<p>Alcohol Free?</p>\n<p>Colgate Plax Freshmint</p>\n<p>Use Colgate Plax twice a day after brushing for a healthier, fresher mouth.</p>\n<p>Forms a protective shield to neutralise the effects of bacteria & plaque for 12 hours.</p>\n<p>Start your day with great fresh breath, protecting your mouth from bacteria & plaque for up to 12 hours.?</p>\n<p>Finish your day with Colgate Plax to help ensure better Oral Hygiene & a fresher start for the following morning.?</p>\n<p>Clinically tested by dentists.</p>",
          "IsDeliveryPass": false,
          "HideWasSavedPrice": false,
          "SapCategories": null,
          "Brand": "colgate",
          "FooterTag": {
            "TagContent": null,
            "TagLink": null,
            "FallbackText": null,
            "TagType": "None"
          },
          "IsFooterEnabled": false,
          "Diagnostics": "9",
          "IsBundle": false,
          "ChildProducts": []
        }
      ],
      "Name": "Colgate Plax Mouthwash Fresh Mint"
    },
    {
      "Products": [
        {
          "Stockcode": 24730,
          "Barcode": "9400541425002",
          "GtinFormat": 13,
          "CupPrice": 1,
          "CupMeasure": "100ML",
          "CupString": "$1.00 / 100ML",
          "HasCupPrice": true,
          "Price": 5,
          "Name": "Colgate Plax Mouthwash Fresh Mint",
          "UrlFriendlyName": "colgate-plax-mouthwash-fresh-mint",
          "Description": " Colgate Plax Mouthwash Fresh<br>Mint 500ml",
          "SmallImageFile": "https://cdn0.woolworths.media/content/wowproductimages/small/024730.jpg",
          "MediumImageFile": "https://cdn0.woolworths.media/content/wowproductimages/medium/024730.jpg",
          "LargeImageFile": "https://cdn0.woolworths.media/content/wowproductimages/large/024730.jpg",
          "IsNew": false,
          "IsOnSpecial": true,
          "IsEdrSpecial": false,
          "SavingsAmount": 0.99,
          "WasPrice": 5.99,
          "QuantityInTrolley": 0,
          "Unit": "Each",
          "MinimumQuantity": 1,
          "IsInTrolley": false,
          "Source": "SearchProducts",
          "SupplyLimit": 36,
          "PackageSize": "500ml",
          "IsPmDelivery": false,
          "IsForCollection": true,
          "IsForDelivery": true,
          "CentreTag": {
            "TagContent": null,
            "TagLink": null,
            "FallbackText": null,
            "TagType": "None"
          },
          "IsCentreTag": false,
          "ImageTag": {
            "TagContent": "/content/promotiontags/final-special.png",
            "TagLink": "",
            "FallbackText": "On Special",
            "TagType": "None"
          },
          "HeaderTag": {
            "BackgroundColor": "#fd0",
            "BorderColor": "#fd0",
            "TextColor": "#000",
            "Content": "Save $0.99",
            "TagLink": null,
            "Promotion": "Special"
          },
          "HasHeaderTag": true,
          "UnitWeightInGrams": 500,
          "SupplyLimitMessage": "'Colgate Plax Mouthwash Fresh Mint' has a supply limit of 36. The quantity in your cart has been reduced accordingly. To purchase a larger quantity, please contact us on 1800 000 610, or e-mail us at shoponline@woolworths.com.au. Please note - we do not supply trade orders.",
          "SmallFormatDescription": "Colgate Plax Mouthwash Fresh Mint",
          "FullDescription": "Colgate Plax Mouthwash Fresh Mint",
          "IsAvailable": true,
          "AgeRestricted": false,
          "DisplayQuantity": 1,
          "RichDescription": "Colgate Plax Mouthwash Freshmint kills up to 99.9% of Germs with 24/7 bad breath control for long lasting freshness.<p>Alcohol Free?</p>\n<p>Colgate Plax Freshmint</p>\n<p>Use Colgate Plax twice a day after brushing for a healthier, fresher mouth.</p>\n<p>Forms a protective shield to neutralise the effects of bacteria & plaque for 12 hours.</p>\n<p>Start your day with great fresh breath, protecting your mouth from bacteria & plaque for up to 12 hours.?</p>\n<p>Finish your day with Colgate Plax to help ensure better Oral Hygiene & a fresher start for the following morning.?</p>\n<p>Clinically tested by dentists.</p>",
          "IsDeliveryPass": false,
          "HideWasSavedPrice": false,
          "SapCategories": null,
          "Brand": "colgate",
          "FooterTag": {
            "TagContent": null,
            "TagLink": null,
            "FallbackText": null,
            "TagType": "None"
          },
          "IsFooterEnabled": false,
          "Diagnostics": "10",
          "IsBundle": false,
          "ChildProducts": []
        }
      ],
      "Name": "Colgate Plax Mouthwash Fresh Mint"
    },
    {
      "Products": [
        {
          "Stockcode": 376504,
          "Barcode": "9300607090581",
          "GtinFormat": 13,
          "CupPrice": 1.15,
          "CupMeasure": "100ML",
          "CupString": "$1.15 / 100ML",
          "HasCupPrice": true,
          "Price": 11.5,
          "Name": "Listerine Zero Mouthwash ",
          "UrlFriendlyName": "listerine-zero-mouthwash",
          "Description": " Listerine Zero Mouthwash  1l",
          "SmallImageFile": "https://cdn0.woolworths.media/content/wowproductimages/small/376504.jpg",
          "MediumImageFile": "https://cdn0.woolworths.media/content/wowproductimages/medium/376504.jpg",
          "LargeImageFile": "https://cdn0.woolworths.media/content/wowproductimages/large/376504.jpg",
          "IsNew": false,
          "IsOnSpecial": false,
          "IsEdrSpecial": false,
          "SavingsAmount": 0.0,
          "WasPrice": 11.5,
          "QuantityInTrolley": 0,
          "Unit": "Each",
          "MinimumQuantity": 1,
          "IsInTrolley": false,
          "Source": "SearchProducts",
          "SupplyLimit": 36,
          "PackageSize": "1l",
          "IsPmDelivery": false,
          "IsForCollection": true,
          "IsForDelivery": true,
          "CentreTag": {
            "TagContent": "<span style=\"COLOR: #e2001a\"> Was $13.50 14/11/16</span>",
            "TagLink": null,
            "FallbackText": null,
            "TagType": "Html"
          },
          "IsCentreTag": true,
          "ImageTag": {
            "TagContent": null,
            "TagLink": null,
            "FallbackText": "",
            "TagType": "None"
          },
          "HeaderTag": {
            "BackgroundColor": "#fff",
            "BorderColor": "#c20016",
            "TextColor": "#c20016",
            "Content": "<span class=\"u-semibold\">Price dropped</span>",
            "TagLink": null,
            "Promotion": "PriceDropped"
          },
          "HasHeaderTag": true,
          "UnitWeightInGrams": 1000,
          "SupplyLimitMessage": "'Listerine Zero Mouthwash ' has a supply limit of 36. The quantity in your cart has been reduced accordingly. To purchase a larger quantity, please contact us on 1800 000 610, or e-mail us at shoponline@woolworths.com.au. Please note - we do not supply trade orders.",
          "SmallFormatDescription": "Listerine Zero Mouthwash ",
          "FullDescription": "Listerine Zero Mouthwash ",
          "IsAvailable": true,
          "AgeRestricted": false,
          "DisplayQuantity": 1,
          "RichDescription": "<p>Listerine Zero is less intense with zero alcohol.</p><p>- Helps kill germs that cause bad breath & plaque.</p><p>- Helps protect gums.</p><p>- Added fluoride to help prevent cavities.</p>",
          "IsDeliveryPass": false,
          "HideWasSavedPrice": false,
          "SapCategories": null,
          "Brand": "listerine zero",
          "FooterTag": {
            "TagContent": "<div class=\"productTag-pricedropped\" style=\"\r\nheight:46px;\r\nposition:absolute;\r\ntop:-4px;\r\nleft:0;\r\nwidth:100%;\r\nbackground:white;\r\noutline: 1px solid #c20016;\r\ntext-align:center;\">\r\n\r\n<img src=\"https://wowpmediaaae.azureedge.net/content/content/pricedropped-footer-transparent.png\" width=\"204px\" height=\"16px\" alt=\"Price Dropped\" style=\"display:inline-block;margin-top:15px;max-width: 100%;\">\r\n</div>",
            "TagLink": null,
            "FallbackText": null,
            "TagType": "Html"
          },
          "IsFooterEnabled": true,
          "Diagnostics": "11",
          "IsBundle": false,
          "ChildProducts": []
        }
      ],
      "Name": "Listerine Zero Mouthwash "
    },
    {
      "Products": [
        {
          "Stockcode": 376505,
          "Barcode": "9300607090574",
          "GtinFormat": 13,
          "CupPrice": 1.7,
          "CupMeasure": "100ML",
          "CupString": "$1.70 / 100ML",
          "HasCupPrice": true,
          "Price": 8.5,
          "Name": "Listerine Zero Mouthwash ",
          "UrlFriendlyName": "listerine-zero-mouthwash",
          "Description": " Listerine Zero Mouthwash  500ml",
          "SmallImageFile": "https://cdn0.woolworths.media/content/wowproductimages/small/376505.jpg",
          "MediumImageFile": "https://cdn0.woolworths.media/content/wowproductimages/medium/376505.jpg",
          "LargeImageFile": "https://cdn0.woolworths.media/content/wowproductimages/large/376505.jpg",
          "IsNew": false,
          "IsOnSpecial": false,
          "IsEdrSpecial": false,
          "SavingsAmount": 0.0,
          "WasPrice": 8.5,
          "QuantityInTrolley": 0,
          "Unit": "Each",
          "MinimumQuantity": 1,
          "IsInTrolley": false,
          "Source": "SearchProducts",
          "SupplyLimit": 36,
          "PackageSize": "500ml",
          "IsPmDelivery": false,
          "IsForCollection": true,
          "IsForDelivery": true,
          "CentreTag": {
            "TagContent": "<span style=\"COLOR: #e2001a\"> Was $9.20 14/11/16</span>",
            "TagLink": null,
            "FallbackText": null,
            "TagType": "Html"
          },
          "IsCentreTag": true,
          "ImageTag": {
            "TagContent": null,
            "TagLink": null,
            "FallbackText": "",
            "TagType": "None"
          },
          "HeaderTag": {
            "BackgroundColor": "#fff",
            "BorderColor": "#c20016",
            "TextColor": "#c20016",
            "Content": "<span class=\"u-semibold\">Price dropped</span>",
            "TagLink": null,
            "Promotion": "PriceDropped"
          },
          "HasHeaderTag": true,
          "UnitWeightInGrams": 500,
          "SupplyLimitMessage": "'Listerine Zero Mouthwash ' has a supply limit of 36. The quantity in your cart has been reduced accordingly. To purchase a larger quantity, please contact us on 1800 000 610, or e-mail us at shoponline@woolworths.com.au. Please note - we do not supply trade orders.",
          "SmallFormatDescription": "Listerine Zero Mouthwash ",
          "FullDescription": "Listerine Zero Mouthwash ",
          "IsAvailable": true,
          "AgeRestricted": false,
          "DisplayQuantity": 1,
          "RichDescription": "<p>Listerine Zero is less intense with zero alcohol.</p><p>- Helps kill germs that cause bad breath & plaque.</p><p>- Helps protect gums.</p><p>- Added fluoride to help prevent cavities.</p>",
          "IsDeliveryPass": false,
          "HideWasSavedPrice": false,
          "SapCategories": null,
          "Brand": "listerine zero",
          "FooterTag": {
            "TagContent": "<div class=\"productTag-pricedropped\" style=\"\r\nheight:46px;\r\nposition:absolute;\r\ntop:-4px;\r\nleft:0;\r\nwidth:100%;\r\nbackground:white;\r\noutline: 1px solid #c20016;\r\ntext-align:center;\">\r\n\r\n<img src=\"https://wowpmediaaae.azureedge.net/content/content/pricedropped-footer-transparent.png\" width=\"204px\" height=\"16px\" alt=\"Price Dropped\" style=\"display:inline-block;margin-top:15px;max-width: 100%;\">\r\n</div>",
            "TagLink": null,
            "FallbackText": null,
            "TagType": "Html"
          },
          "IsFooterEnabled": true,
          "Diagnostics": "12",
          "IsBundle": false,
          "ChildProducts": []
        }
      ],
      "Name": "Listerine Zero Mouthwash "
    },
    {
      "Products": [
        {
          "Stockcode": 569375,
          "Barcode": "9300607090895",
          "GtinFormat": 13,
          "CupPrice": 2.4,
          "CupMeasure": "100ML",
          "CupString": "$2.40 / 100ML",
          "HasCupPrice": true,
          "Price": 6,
          "Name": "Listerine Total Care Zero Alcohol",
          "UrlFriendlyName": "listerine-total-care-zero-alcohol",
          "Description": " Listerine Total Care Zero<br>Alcohol 250ml",
          "SmallImageFile": "https://cdn0.woolworths.media/content/wowproductimages/small/569375.jpg",
          "MediumImageFile": "https://cdn0.woolworths.media/content/wowproductimages/medium/569375.jpg",
          "LargeImageFile": "https://cdn0.woolworths.media/content/wowproductimages/large/569375.jpg",
          "IsNew": false,
          "IsOnSpecial": false,
          "IsEdrSpecial": false,
          "SavingsAmount": 0,
          "WasPrice": 6,
          "QuantityInTrolley": 0,
          "Unit": "Each",
          "MinimumQuantity": 1,
          "IsInTrolley": false,
          "Source": "SearchProducts",
          "SupplyLimit": 36,
          "PackageSize": "250ml",
          "IsPmDelivery": false,
          "IsForCollection": true,
          "IsForDelivery": true,
          "CentreTag": {
            "TagContent": null,
            "TagLink": null,
            "FallbackText": null,
            "TagType": "None"
          },
          "IsCentreTag": false,
          "ImageTag": {
            "TagContent": null,
            "TagLink": null,
            "FallbackText": "",
            "TagType": "None"
          },
          "HeaderTag": null,
          "HasHeaderTag": false,
          "UnitWeightInGrams": 282,
          "SupplyLimitMessage": "'Listerine Total Care Zero Alcohol' has a supply limit of 36. The quantity in your cart has been reduced accordingly. To purchase a larger quantity, please contact us on 1800 000 610, or e-mail us at shoponline@woolworths.com.au. Please note - we do not supply trade orders.",
          "SmallFormatDescription": "Listerine Total Care Zero Alcohol",
          "FullDescription": "Listerine Total Care Zero Alcohol",
          "IsAvailable": true,
          "AgeRestricted": false,
          "DisplayQuantity": 1,
          "RichDescription": "<p>Listerine Total Care Zero Alcohol has a less intense taste with 6 benefits for total oral health. It's proven to help: </p><p>1. Reduce plaque. </p><p>2. Protect healthy gums.</p><p>3. Strengthen teeth against cavities.</p><p>4. Prevent tartar to keep teeth naturally white. </p><p>5. Kill germs. </p><p>6. Provide long lasting fresh breath. </p>",
          "IsDeliveryPass": false,
          "HideWasSavedPrice": false,
          "SapCategories": null,
          "Brand": "listerine",
          "FooterTag": {
            "TagContent": null,
            "TagLink": null,
            "FallbackText": null,
            "TagType": "None"
          },
          "IsFooterEnabled": false,
          "Diagnostics": "13",
          "IsBundle": false,
          "ChildProducts": []
        }
      ],
      "Name": "Listerine Total Care Zero Alcohol"
    },
    {
      "Products": [
        {
          "Stockcode": 302987,
          "Barcode": "9300607090000",
          "GtinFormat": 13,
          "CupPrice": 1.5,
          "CupMeasure": "100ML",
          "CupString": "$1.50 / 100ML",
          "HasCupPrice": true,
          "Price": 7.5,
          "Name": "Listerine Smart Rinse Mouthwash For Kids Berry",
          "UrlFriendlyName": "listerine-smart-rinse-mouthwash-for-kids-berry",
          "Description": " Listerine Smart Rinse<br>Mouthwash For Kids... 500ml",
          "SmallImageFile": "https://cdn0.woolworths.media/content/wowproductimages/small/302987.jpg",
          "MediumImageFile": "https://cdn0.woolworths.media/content/wowproductimages/medium/302987.jpg",
          "LargeImageFile": "https://cdn0.woolworths.media/content/wowproductimages/large/302987.jpg",
          "IsNew": false,
          "IsOnSpecial": false,
          "IsEdrSpecial": false,
          "SavingsAmount": 0.0,
          "WasPrice": 7.5,
          "QuantityInTrolley": 0,
          "Unit": "Each",
          "MinimumQuantity": 1,
          "IsInTrolley": false,
          "Source": "SearchProducts",
          "SupplyLimit": 36,
          "PackageSize": "500ml",
          "IsPmDelivery": false,
          "IsForCollection": true,
          "IsForDelivery": true,
          "CentreTag": {
            "TagContent": null,
            "TagLink": null,
            "FallbackText": null,
            "TagType": "None"
          },
          "IsCentreTag": false,
          "ImageTag": {
            "TagContent": null,
            "TagLink": null,
            "FallbackText": "",
            "TagType": "None"
          },
          "HeaderTag": null,
          "HasHeaderTag": false,
          "UnitWeightInGrams": 500,
          "SupplyLimitMessage": "'Listerine Smart Rinse Mouthwash For Kids Berry' has a supply limit of 36. The quantity in your cart has been reduced accordingly. To purchase a larger quantity, please contact us on 1800 000 610, or e-mail us at shoponline@woolworths.com.au. Please note - we do not supply trade orders.",
          "SmallFormatDescription": "Listerine Smart Rinse Mouthwash For Kids Berry",
          "FullDescription": "Listerine Smart Rinse Mouthwash For Kids Berry",
          "IsAvailable": true,
          "AgeRestricted": false,
          "DisplayQuantity": 1,
          "RichDescription": "<p>Listerine Smart Rinse alcohol-free mouthwash is specifically developed for children 6+, with added fluoride to strengthen teeth and help prevent cavities. Its unique formula acts like a magnet to attract, tint and remove germs and food particles that brushing misses. It's an enjoyable and easy way for children to get a whole mouth clean.</p><p>Use Listerine Smart Rinse to help:</p><p>- prevent cavities</p><p>- strengthen teeth</p><p>- kill bad breath germs</p><p>- get to places brushing misses</p>",
          "IsDeliveryPass": false,
          "HideWasSavedPrice": false,
          "SapCategories": null,
          "Brand": "listerine smart rinse",
          "FooterTag": {
            "TagContent": null,
            "TagLink": null,
            "FallbackText": null,
            "TagType": "None"
          },
          "IsFooterEnabled": false,
          "Diagnostics": "14",
          "IsBundle": false,
          "ChildProducts": []
        }
      ],
      "Name": "Listerine Smart Rinse Mouthwash For Kids Berry"
    },
    {
      "Products": [
        {
          "Stockcode": 731372,
          "Barcode": "93607599",
          "GtinFormat": 8,
          "CupPrice": 3.13,
          "CupMeasure": "100ML",
          "CupString": "$3.13 / 100ML",
          "HasCupPrice": true,
          "Price": 2.5,
          "Name": "Listerine Tooth Care Mouth Wash",
          "UrlFriendlyName": "listerine-tooth-care-mouth-wash",
          "Description": " Listerine Tooth Care Mouth<br>Wash 80ml",
          "SmallImageFile": "https://cdn0.woolworths.media/content/wowproductimages/small/731372.jpg",
          "MediumImageFile": "https://cdn0.woolworths.media/content/wowproductimages/medium/731372.jpg",
          "LargeImageFile": "https://cdn0.woolworths.media/content/wowproductimages/large/731372.jpg",
          "IsNew": false,
          "IsOnSpecial": false,
          "IsEdrSpecial": false,
          "SavingsAmount": 0.0,
          "WasPrice": 2.5,
          "QuantityInTrolley": 0,
          "Unit": "Each",
          "MinimumQuantity": 1,
          "IsInTrolley": false,
          "Source": "SearchProducts",
          "SupplyLimit": 36,
          "PackageSize": "80ml",
          "IsPmDelivery": false,
          "IsForCollection": true,
          "IsForDelivery": true,
          "CentreTag": {
            "TagContent": null,
            "TagLink": null,
            "FallbackText": null,
            "TagType": "None"
          },
          "IsCentreTag": false,
          "ImageTag": {
            "TagContent": null,
            "TagLink": null,
            "FallbackText": "",
            "TagType": "None"
          },
          "HeaderTag": null,
          "HasHeaderTag": false,
          "UnitWeightInGrams": 80,
          "SupplyLimitMessage": "'Listerine Tooth Care Mouth Wash' has a supply limit of 36. The quantity in your cart has been reduced accordingly. To purchase a larger quantity, please contact us on 1800 000 610, or e-mail us at shoponline@woolworths.com.au. Please note - we do not supply trade orders.",
          "SmallFormatDescription": "Listerine Tooth Care Mouth Wash",
          "FullDescription": "Listerine Tooth Care Mouth Wash",
          "IsAvailable": true,
          "AgeRestricted": false,
          "DisplayQuantity": 1,
          "RichDescription": null,
          "IsDeliveryPass": false,
          "HideWasSavedPrice": false,
          "SapCategories": null,
          "Brand": "listerine",
          "FooterTag": {
            "TagContent": null,
            "TagLink": null,
            "FallbackText": null,
            "TagType": "None"
          },
          "IsFooterEnabled": false,
          "Diagnostics": "15",
          "IsBundle": false,
          "ChildProducts": []
        }
      ],
      "Name": "Listerine Tooth Care Mouth Wash"
    },
    {
      "Products": [
        {
          "Stockcode": 477993,
          "Barcode": "8850006306383",
          "GtinFormat": 13,
          "CupPrice": 0.8,
          "CupMeasure": "100ML",
          "CupString": "$0.80 / 100ML",
          "HasCupPrice": true,
          "Price": 8,
          "Name": "Colgate Plax Mouthwash Peppermint Alcohol Free",
          "UrlFriendlyName": "colgate-plax-mouthwash-peppermint-alcohol-free",
          "Description": " Colgate Plax Mouthwash<br>Peppermint Alcohol... 1l",
          "SmallImageFile": "https://cdn0.woolworths.media/content/wowproductimages/small/477993.jpg",
          "MediumImageFile": "https://cdn0.woolworths.media/content/wowproductimages/medium/477993.jpg",
          "LargeImageFile": "https://cdn0.woolworths.media/content/wowproductimages/large/477993.jpg",
          "IsNew": false,
          "IsOnSpecial": false,
          "IsEdrSpecial": false,
          "SavingsAmount": 0,
          "WasPrice": 8,
          "QuantityInTrolley": 0,
          "Unit": "Each",
          "MinimumQuantity": 1,
          "IsInTrolley": false,
          "Source": "SearchProducts",
          "SupplyLimit": 36,
          "PackageSize": "1l",
          "IsPmDelivery": false,
          "IsForCollection": true,
          "IsForDelivery": true,
          "CentreTag": {
            "TagContent": null,
            "TagLink": null,
            "FallbackText": null,
            "TagType": "None"
          },
          "IsCentreTag": false,
          "ImageTag": {
            "TagContent": null,
            "TagLink": null,
            "FallbackText": "",
            "TagType": "None"
          },
          "HeaderTag": {
            "BackgroundColor": "#c20016",
            "BorderColor": "#c20016",
            "TextColor": "#fff",
            "Content": "Low price <span class=\"u-semibold\">always</span>",
            "TagLink": null,
            "Promotion": "LowPrice"
          },
          "HasHeaderTag": true,
          "UnitWeightInGrams": 1188,
          "SupplyLimitMessage": "'Colgate Plax Mouthwash Peppermint Alcohol Free' has a supply limit of 36. The quantity in your cart has been reduced accordingly. To purchase a larger quantity, please contact us on 1800 000 610, or e-mail us at shoponline@woolworths.com.au. Please note - we do not supply trade orders.",
          "SmallFormatDescription": "Colgate Plax Mouthwash Peppermint Alcohol Free",
          "FullDescription": "Colgate Plax Mouthwash Peppermint Alcohol Free",
          "IsAvailable": true,
          "AgeRestricted": false,
          "DisplayQuantity": 1,
          "RichDescription": "Colgate Plax Peppermint mouthwash thoroughly cleans the hard-to-reach areas of your mouth and keeps your gums healthy. This alcohol-free mouthrinse kills germs by up to 99.9% and reliably controls bad breath when used twice a day.<p>Alcohol Free?</p>\n<p>Colgate Plax Peppermint?</p>\n<p>Use Colgate Plax twice a day after brushing for a healthier, fresher mouth.?</p>\n<p>Forms a protective shield to neutralise the effects of bacteria & plaque for 12 hours.</p>\n<p>Start your day with great fresh breath, protecting your mouth from bacteria & plaque for up to 12 hours.?</p>\n<p>Finish your day with Colgate Plax to help ensure better Oral Hygiene & a fresher start for the following morning.?</p>",
          "IsDeliveryPass": false,
          "HideWasSavedPrice": false,
          "SapCategories": null,
          "Brand": "colgate plax",
          "FooterTag": {
            "TagContent": "<div class=\"productTag-lowerpricealways\" style=\"\r\nheight:46px;\r\nposition:absolute;\r\ntop:-2px;\r\nleft:0;\r\nwidth:100%;\r\nbackground:#c20016;\r\ntext-align:center;\r\n\">\r\n<img src=\"https://wowpmediaaae.azureedge.net/content/content/lpa_footer_img2.png\" width=\"166px\" height=\"13px\" alt=\"Lower Price Always\" style=\"display:inline-block; margin-top:15px;\">\r\n</div>\r\n<style>\r\n.cardViewCompact wow-shelf-product:not(.override-global-size) .card:not(.is-smallFormat).shelfProductStamp .productTag-lowerpricealways img{\r\n                max-width: 90%;\r\n}\r\n</style>",
            "TagLink": null,
            "FallbackText": null,
            "TagType": "Html"
          },
          "IsFooterEnabled": true,
          "Diagnostics": "16",
          "IsBundle": false,
          "ChildProducts": []
        }
      ],
      "Name": "Colgate Plax Mouthwash Peppermint Alcohol Free"
    },
    {
      "Products": [
        {
          "Stockcode": 569377,
          "Barcode": "9300607090918",
          "GtinFormat": 13,
          "CupPrice": 1.15,
          "CupMeasure": "100ML",
          "CupString": "$1.15 / 100ML",
          "HasCupPrice": true,
          "Price": 11.5,
          "Name": "Listerine Total Care Zero Alcohol",
          "UrlFriendlyName": "listerine-total-care-zero-alcohol",
          "Description": " Listerine Total Care Zero<br>Alcohol 1l",
          "SmallImageFile": "https://cdn0.woolworths.media/content/wowproductimages/small/569377.jpg",
          "MediumImageFile": "https://cdn0.woolworths.media/content/wowproductimages/medium/569377.jpg",
          "LargeImageFile": "https://cdn0.woolworths.media/content/wowproductimages/large/569377.jpg",
          "IsNew": false,
          "IsOnSpecial": true,
          "IsEdrSpecial": false,
          "SavingsAmount": 1.0,
          "WasPrice": 12.5,
          "QuantityInTrolley": 0,
          "Unit": "Each",
          "MinimumQuantity": 1,
          "IsInTrolley": false,
          "Source": "SearchProducts",
          "SupplyLimit": 36,
          "PackageSize": "1l",
          "IsPmDelivery": false,
          "IsForCollection": true,
          "IsForDelivery": true,
          "CentreTag": {
            "TagContent": "<span style=\"COLOR: #e2001a\"> Was $13.50 25/07/2016</span>",
            "TagLink": null,
            "FallbackText": null,
            "TagType": "Html"
          },
          "IsCentreTag": true,
          "ImageTag": {
            "TagContent": "/content/promotiontags/final-special.png",
            "TagLink": "",
            "FallbackText": "On Special",
            "TagType": "None"
          },
          "HeaderTag": {
            "BackgroundColor": "#fd0",
            "BorderColor": "#fd0",
            "TextColor": "#000",
            "Content": "Save $1.00",
            "TagLink": null,
            "Promotion": "Special"
          },
          "HasHeaderTag": true,
          "UnitWeightInGrams": 1110,
          "SupplyLimitMessage": "'Listerine Total Care Zero Alcohol' has a supply limit of 36. The quantity in your cart has been reduced accordingly. To purchase a larger quantity, please contact us on 1800 000 610, or e-mail us at shoponline@woolworths.com.au. Please note - we do not supply trade orders.",
          "SmallFormatDescription": "Listerine Total Care Zero Alcohol",
          "FullDescription": "Listerine Total Care Zero Alcohol",
          "IsAvailable": true,
          "AgeRestricted": false,
          "DisplayQuantity": 1,
          "RichDescription": "<p>Listerine Total Care zero alcohol has a less intense taste with 6 benefits for total oral health. It's proven to help: </p><p>1. Reduce plaque. </p><p>2. Protect healthy gums.</p><p>3. Strengthen teeth against cavities.</p><p>4. Prevent tartar to keep teeth naturally white. </p><p>5. Kill germs. </p><p>6. Provide long lasting fresh breath. </p>",
          "IsDeliveryPass": false,
          "HideWasSavedPrice": false,
          "SapCategories": null,
          "Brand": "listerine",
          "FooterTag": {
            "TagContent": "<div class=\"productTag-pricedropped\" style=\"\r\nheight:46px;\r\nposition:absolute;\r\ntop:-4px;\r\nleft:0;\r\nwidth:100%;\r\nbackground:white;\r\noutline: 1px solid #c20016;\r\ntext-align:center;\">\r\n\r\n<img src=\"https://wowpmediaaae.azureedge.net/content/content/pricedropped-footer-transparent.png\" width=\"204px\" height=\"16px\" alt=\"Price Dropped\" style=\"display:inline-block;margin-top:15px;max-width: 100%;\">\r\n</div>",
            "TagLink": null,
            "FallbackText": null,
            "TagType": "Html"
          },
          "IsFooterEnabled": true,
          "Diagnostics": "17",
          "IsBundle": false,
          "ChildProducts": []
        }
      ],
      "Name": "Listerine Total Care Zero Alcohol"
    },
    {
      "Products": [
        {
          "Stockcode": 1263,
          "Barcode": "9310059050231",
          "GtinFormat": 13,
          "CupPrice": 0.94,
          "CupMeasure": "100ML",
          "CupString": "$0.94 / 100ML",
          "HasCupPrice": true,
          "Price": 9.39,
          "Name": "Listerine Fresh Burst Mouthwash ",
          "UrlFriendlyName": "listerine-fresh-burst-mouthwash",
          "Description": " Listerine Fresh Burst<br>Mouthwash  1l",
          "SmallImageFile": "https://cdn0.woolworths.media/content/wowproductimages/small/001263.jpg",
          "MediumImageFile": "https://cdn0.woolworths.media/content/wowproductimages/medium/001263.jpg",
          "LargeImageFile": "https://cdn0.woolworths.media/content/wowproductimages/large/001263.jpg",
          "IsNew": false,
          "IsOnSpecial": false,
          "IsEdrSpecial": false,
          "SavingsAmount": 0.00,
          "WasPrice": 9.39,
          "QuantityInTrolley": 0,
          "Unit": "Each",
          "MinimumQuantity": 1,
          "IsInTrolley": false,
          "Source": "SearchProducts",
          "SupplyLimit": 36,
          "PackageSize": "1l",
          "IsPmDelivery": false,
          "IsForCollection": true,
          "IsForDelivery": true,
          "CentreTag": {
            "TagContent": "<span style=\"COLOR: #e2001a\"> Was $9.80 24/07/16</span>",
            "TagLink": null,
            "FallbackText": null,
            "TagType": "Html"
          },
          "IsCentreTag": true,
          "ImageTag": {
            "TagContent": null,
            "TagLink": null,
            "FallbackText": "",
            "TagType": "None"
          },
          "HeaderTag": {
            "BackgroundColor": "#fff",
            "BorderColor": "#c20016",
            "TextColor": "#c20016",
            "Content": "<span class=\"u-semibold\">Price dropped</span>",
            "TagLink": null,
            "Promotion": "PriceDropped"
          },
          "HasHeaderTag": true,
          "UnitWeightInGrams": 1000,
          "SupplyLimitMessage": "'Listerine Fresh Burst Mouthwash ' has a supply limit of 36. The quantity in your cart has been reduced accordingly. To purchase a larger quantity, please contact us on 1800 000 610, or e-mail us at shoponline@woolworths.com.au. Please note - we do not supply trade orders.",
          "SmallFormatDescription": "Listerine Fresh Burst Mouthwash ",
          "FullDescription": "Listerine Fresh Burst Mouthwash ",
          "IsAvailable": true,
          "AgeRestricted": false,
          "DisplayQuantity": 1,
          "RichDescription": "<p>Listerine FreshBurst reduces the development of Plaque and Gingivitis.</p><p>When used twice daily as part of regular oral hygiene, Listerine FreshBurst kills the germs that cause bad breath, plaque and gingivitis. Plaque is caused by germs in the mouth. Plaque buildup may lead to gingivitis, an early form of gum disease. The symptoms of gingivitis are redness, swelling and bleeding gums. Gum disease is a major cause of tooth loss.</p>",
          "IsDeliveryPass": false,
          "HideWasSavedPrice": false,
          "SapCategories": null,
          "Brand": "listerine fresh burst",
          "FooterTag": {
            "TagContent": "<div class=\"productTag-pricedropped\" style=\"\r\nheight:46px;\r\nposition:absolute;\r\ntop:-4px;\r\nleft:0;\r\nwidth:100%;\r\nbackground:white;\r\noutline: 1px solid #c20016;\r\ntext-align:center;\">\r\n\r\n<img src=\"https://wowpmediaaae.azureedge.net/content/content/pricedropped-footer-transparent.png\" width=\"204px\" height=\"16px\" alt=\"Price Dropped\" style=\"display:inline-block;margin-top:15px;max-width: 100%;\">\r\n</div>",
            "TagLink": null,
            "FallbackText": null,
            "TagType": "Html"
          },
          "IsFooterEnabled": true,
          "Diagnostics": "18",
          "IsBundle": false,
          "ChildProducts": []
        }
      ],
      "Name": "Listerine Fresh Burst Mouthwash "
    },
    {
      "Products": [
        {
          "Stockcode": 27457,
          "Barcode": "9310059050200",
          "GtinFormat": 13,
          "CupPrice": 1.6,
          "CupMeasure": "100ML",
          "CupString": "$1.60 / 100ML",
          "HasCupPrice": true,
          "Price": 4,
          "Name": "Listerine Fresh Burst Mouthwash ",
          "UrlFriendlyName": "listerine-fresh-burst-mouthwash",
          "Description": " Listerine Fresh Burst<br>Mouthwash  250ml",
          "SmallImageFile": "https://cdn0.woolworths.media/content/wowproductimages/small/027457.jpg",
          "MediumImageFile": "https://cdn0.woolworths.media/content/wowproductimages/medium/027457.jpg",
          "LargeImageFile": "https://cdn0.woolworths.media/content/wowproductimages/large/027457.jpg",
          "IsNew": false,
          "IsOnSpecial": true,
          "IsEdrSpecial": false,
          "SavingsAmount": 0.7,
          "WasPrice": 4.7,
          "QuantityInTrolley": 0,
          "Unit": "Each",
          "MinimumQuantity": 1,
          "IsInTrolley": false,
          "Source": "SearchProducts",
          "SupplyLimit": 36,
          "PackageSize": "250ml",
          "IsPmDelivery": false,
          "IsForCollection": true,
          "IsForDelivery": true,
          "CentreTag": {
            "TagContent": "<span style=\"COLOR: #e2001a\"> Was $4.90 14/11/16</span>",
            "TagLink": null,
            "FallbackText": null,
            "TagType": "Html"
          },
          "IsCentreTag": true,
          "ImageTag": {
            "TagContent": "/content/promotiontags/final-special.png",
            "TagLink": "",
            "FallbackText": "On Special",
            "TagType": "None"
          },
          "HeaderTag": {
            "BackgroundColor": "#fd0",
            "BorderColor": "#fd0",
            "TextColor": "#000",
            "Content": "Save $0.70",
            "TagLink": null,
            "Promotion": "Special"
          },
          "HasHeaderTag": true,
          "UnitWeightInGrams": 250,
          "SupplyLimitMessage": "'Listerine Fresh Burst Mouthwash ' has a supply limit of 36. The quantity in your cart has been reduced accordingly. To purchase a larger quantity, please contact us on 1800 000 610, or e-mail us at shoponline@woolworths.com.au. Please note - we do not supply trade orders.",
          "SmallFormatDescription": "Listerine Fresh Burst Mouthwash ",
          "FullDescription": "Listerine Fresh Burst Mouthwash ",
          "IsAvailable": true,
          "AgeRestricted": false,
          "DisplayQuantity": 1,
          "RichDescription": "<p>Plaque is caused by germs in the mouth. Plaque build up may lead to gingivitis, an early form of gum disease. The symptoms of gingivitis are redness, swelling and bleeding gums. Gum disease is a major cause of tooth loss. When used twice daily as part of regular oral hygiene, Listerine FreshBurst kills the germs that cause bad breath, plaque and gingivitis.</p>",
          "IsDeliveryPass": false,
          "HideWasSavedPrice": false,
          "SapCategories": null,
          "Brand": "listerine fresh burst",
          "FooterTag": {
            "TagContent": "<div class=\"productTag-pricedropped\" style=\"\r\nheight:46px;\r\nposition:absolute;\r\ntop:-4px;\r\nleft:0;\r\nwidth:100%;\r\nbackground:white;\r\noutline: 1px solid #c20016;\r\ntext-align:center;\">\r\n\r\n<img src=\"https://wowpmediaaae.azureedge.net/content/content/pricedropped-footer-transparent.png\" width=\"204px\" height=\"16px\" alt=\"Price Dropped\" style=\"display:inline-block;margin-top:15px;max-width: 100%;\">\r\n</div>",
            "TagLink": null,
            "FallbackText": null,
            "TagType": "Html"
          },
          "IsFooterEnabled": true,
          "Diagnostics": "19",
          "IsBundle": false,
          "ChildProducts": []
        }
      ],
      "Name": "Listerine Fresh Burst Mouthwash "
    },
    {
      "Products": [
        {
          "Stockcode": 24761,
          "Barcode": "9310059050217",
          "GtinFormat": 13,
          "CupPrice": 1.5,
          "CupMeasure": "100ML",
          "CupString": "$1.50 / 100ML",
          "HasCupPrice": true,
          "Price": 7.5,
          "Name": "Listerine Fresh Burst Mouthwash ",
          "UrlFriendlyName": "listerine-fresh-burst-mouthwash",
          "Description": " Listerine Fresh Burst<br>Mouthwash  500ml",
          "SmallImageFile": "https://cdn0.woolworths.media/content/wowproductimages/small/024761.jpg",
          "MediumImageFile": "https://cdn0.woolworths.media/content/wowproductimages/medium/024761.jpg",
          "LargeImageFile": "https://cdn0.woolworths.media/content/wowproductimages/large/024761.jpg",
          "IsNew": false,
          "IsOnSpecial": false,
          "IsEdrSpecial": false,
          "SavingsAmount": 0.0,
          "WasPrice": 7.5,
          "QuantityInTrolley": 0,
          "Unit": "Each",
          "MinimumQuantity": 1,
          "IsInTrolley": false,
          "Source": "SearchProducts",
          "SupplyLimit": 36,
          "PackageSize": "500ml",
          "IsPmDelivery": false,
          "IsForCollection": true,
          "IsForDelivery": true,
          "CentreTag": {
            "TagContent": "<span style=\"COLOR: #e2001a\"> Was $9.00 14/11/16</span>",
            "TagLink": null,
            "FallbackText": null,
            "TagType": "Html"
          },
          "IsCentreTag": true,
          "ImageTag": {
            "TagContent": null,
            "TagLink": null,
            "FallbackText": "",
            "TagType": "None"
          },
          "HeaderTag": {
            "BackgroundColor": "#fff",
            "BorderColor": "#c20016",
            "TextColor": "#c20016",
            "Content": "<span class=\"u-semibold\">Price dropped</span>",
            "TagLink": null,
            "Promotion": "PriceDropped"
          },
          "HasHeaderTag": true,
          "UnitWeightInGrams": 500,
          "SupplyLimitMessage": "'Listerine Fresh Burst Mouthwash ' has a supply limit of 36. The quantity in your cart has been reduced accordingly. To purchase a larger quantity, please contact us on 1800 000 610, or e-mail us at shoponline@woolworths.com.au. Please note - we do not supply trade orders.",
          "SmallFormatDescription": "Listerine Fresh Burst Mouthwash ",
          "FullDescription": "Listerine Fresh Burst Mouthwash ",
          "IsAvailable": true,
          "AgeRestricted": false,
          "DisplayQuantity": 1,
          "RichDescription": "<p>Listerine FreshBurst reduces the development of Plaque and Gingivitis.</p><p>Plaque is caused by germs in the mouth. Plaque buildup may lead to gingivitis, an early form of gum disease. The symptoms of gingivitis are redness, swelling and bleeding gums. Gum disease is a major cause of tooth loss. When used twice daily as part of regular oral hygiene, Listerine FreshBurst kills the germs that cause bad breath, plaque and gingivitis.</p>",
          "IsDeliveryPass": false,
          "HideWasSavedPrice": false,
          "SapCategories": null,
          "Brand": "listerine fresh burst",
          "FooterTag": {
            "TagContent": "<div class=\"productTag-pricedropped\" style=\"\r\nheight:46px;\r\nposition:absolute;\r\ntop:-4px;\r\nleft:0;\r\nwidth:100%;\r\nbackground:white;\r\noutline: 1px solid #c20016;\r\ntext-align:center;\">\r\n\r\n<img src=\"https://wowpmediaaae.azureedge.net/content/content/pricedropped-footer-transparent.png\" width=\"204px\" height=\"16px\" alt=\"Price Dropped\" style=\"display:inline-block;margin-top:15px;max-width: 100%;\">\r\n</div>",
            "TagLink": null,
            "FallbackText": null,
            "TagType": "Html"
          },
          "IsFooterEnabled": true,
          "Diagnostics": "20",
          "IsBundle": false,
          "ChildProducts": []
        }
      ],
      "Name": "Listerine Fresh Burst Mouthwash "
    },
    {
      "Products": [
        {
          "Stockcode": 25281,
          "Barcode": "9400541425019",
          "GtinFormat": 13,
          "CupPrice": 1,
          "CupMeasure": "100ML",
          "CupString": "$1.00 / 100ML",
          "HasCupPrice": true,
          "Price": 5,
          "Name": "Colgate Plax Mouthwash Peppermint",
          "UrlFriendlyName": "colgate-plax-mouthwash-peppermint",
          "Description": " Colgate Plax Mouthwash<br>Peppermint 500ml",
          "SmallImageFile": "https://cdn0.woolworths.media/content/wowproductimages/small/025281.jpg",
          "MediumImageFile": "https://cdn0.woolworths.media/content/wowproductimages/medium/025281.jpg",
          "LargeImageFile": "https://cdn0.woolworths.media/content/wowproductimages/large/025281.jpg",
          "IsNew": false,
          "IsOnSpecial": true,
          "IsEdrSpecial": false,
          "SavingsAmount": 0.99,
          "WasPrice": 5.99,
          "QuantityInTrolley": 0,
          "Unit": "Each",
          "MinimumQuantity": 1,
          "IsInTrolley": false,
          "Source": "SearchProducts",
          "SupplyLimit": 36,
          "PackageSize": "500ml",
          "IsPmDelivery": false,
          "IsForCollection": true,
          "IsForDelivery": true,
          "CentreTag": {
            "TagContent": null,
            "TagLink": null,
            "FallbackText": null,
            "TagType": "None"
          },
          "IsCentreTag": false,
          "ImageTag": {
            "TagContent": "/content/promotiontags/final-special.png",
            "TagLink": "",
            "FallbackText": "On Special",
            "TagType": "None"
          },
          "HeaderTag": {
            "BackgroundColor": "#fd0",
            "BorderColor": "#fd0",
            "TextColor": "#000",
            "Content": "Save $0.99",
            "TagLink": null,
            "Promotion": "Special"
          },
          "HasHeaderTag": true,
          "UnitWeightInGrams": 500,
          "SupplyLimitMessage": "'Colgate Plax Mouthwash Peppermint' has a supply limit of 36. The quantity in your cart has been reduced accordingly. To purchase a larger quantity, please contact us on 1800 000 610, or e-mail us at shoponline@woolworths.com.au. Please note - we do not supply trade orders.",
          "SmallFormatDescription": "Colgate Plax Mouthwash Peppermint",
          "FullDescription": "Colgate Plax Mouthwash Peppermint",
          "IsAvailable": true,
          "AgeRestricted": false,
          "DisplayQuantity": 1,
          "RichDescription": "Colgate Plax Mouthwash Peppermint kills up to 99.9% of Germs with 24/7 bad breath control for long lasting freshness.<p>Alcohol Free?</p>\n<p>Colgate Plax Peppermint?</p>\n<p>Use Colgate Plax twice a day after brushing for a healthier, fresher mouth.?</p>\n<p>Forms a protective shield to neutralise the effects of bacteria & plaque for 12 hours.</p>\n<p>Start your day with great fresh breath, protecting your mouth from bacteria & plaque for up to 12 hours.?</p>\n<p>Finish your day with Colgate Plax to help ensure better Oral Hygiene & a fresher start for the following morning.?</p>\n<p>Clinically tested by dentists.</p>",
          "IsDeliveryPass": false,
          "HideWasSavedPrice": false,
          "SapCategories": null,
          "Brand": "colgate",
          "FooterTag": {
            "TagContent": null,
            "TagLink": null,
            "FallbackText": null,
            "TagType": "None"
          },
          "IsFooterEnabled": false,
          "Diagnostics": "21",
          "IsBundle": false,
          "ChildProducts": []
        }
      ],
      "Name": "Colgate Plax Mouthwash Peppermint"
    },
    {
      "Products": [
        {
          "Stockcode": 342970,
          "Barcode": "9300632073375",
          "GtinFormat": 13,
          "CupPrice": 3.23,
          "CupMeasure": "100ML",
          "CupString": "$3.23 / 100ML",
          "HasCupPrice": true,
          "Price": 9.7,
          "Name": "Colgate Savacol Mouthwash Original",
          "UrlFriendlyName": "colgate-savacol-mouthwash-original",
          "Description": " Colgate Savacol Mouthwash<br>Original 300ml",
          "SmallImageFile": "https://cdn0.woolworths.media/content/wowproductimages/small/342970.jpg",
          "MediumImageFile": "https://cdn0.woolworths.media/content/wowproductimages/medium/342970.jpg",
          "LargeImageFile": "https://cdn0.woolworths.media/content/wowproductimages/large/342970.jpg",
          "IsNew": false,
          "IsOnSpecial": false,
          "IsEdrSpecial": false,
          "SavingsAmount": 0.0,
          "WasPrice": 9.7,
          "QuantityInTrolley": 0,
          "Unit": "Each",
          "MinimumQuantity": 1,
          "IsInTrolley": false,
          "Source": "SearchProducts",
          "SupplyLimit": 36,
          "PackageSize": "300ml",
          "IsPmDelivery": false,
          "IsForCollection": true,
          "IsForDelivery": true,
          "CentreTag": {
            "TagContent": null,
            "TagLink": null,
            "FallbackText": null,
            "TagType": "None"
          },
          "IsCentreTag": false,
          "ImageTag": {
            "TagContent": null,
            "TagLink": null,
            "FallbackText": "",
            "TagType": "None"
          },
          "HeaderTag": null,
          "HasHeaderTag": false,
          "UnitWeightInGrams": 300,
          "SupplyLimitMessage": "'Colgate Savacol Mouthwash Original' has a supply limit of 36. The quantity in your cart has been reduced accordingly. To purchase a larger quantity, please contact us on 1800 000 610, or e-mail us at shoponline@woolworths.com.au. Please note - we do not supply trade orders.",
          "SmallFormatDescription": "Colgate Savacol Mouthwash Original",
          "FullDescription": "Colgate Savacol Mouthwash Original",
          "IsAvailable": true,
          "AgeRestricted": false,
          "DisplayQuantity": 1,
          "RichDescription": "Colgate Savacol Original mouthwash is an antiseptic throat and mouth rinse clinically proven to assist in the treatment of gingivitis.\nAlways read the label. Use only as directed. See your dentist if symptoms persist.<br><br>Colgate Savacol Original mouthwash is an antiseptic throat and mouth rinse clinically proven to assist in the treatment of gingivitis. With a mild mint flavour, it also helps reduce plaque forming on your teeth and may relieve discomfort from mouth ulcers too.\nLike all medicines, some have benefits and some have risks. Always read the label. Use only as directed. See your dentist if symptoms persist.",
          "IsDeliveryPass": false,
          "HideWasSavedPrice": false,
          "SapCategories": null,
          "Brand": "colgate",
          "FooterTag": {
            "TagContent": null,
            "TagLink": null,
            "FallbackText": null,
            "TagType": "None"
          },
          "IsFooterEnabled": false,
          "Diagnostics": "22",
          "IsBundle": false,
          "ChildProducts": []
        }
      ],
      "Name": "Colgate Savacol Mouthwash Original"
    },
    {
      "Products": [
        {
          "Stockcode": 826033,
          "Barcode": "9300673826701",
          "GtinFormat": 13,
          "CupPrice": 1.34,
          "CupMeasure": "100ML",
          "CupString": "$1.34 / 100ML",
          "HasCupPrice": true,
          "Price": 6.7,
          "Name": "Sensodyne Mouthwash ",
          "UrlFriendlyName": "sensodyne-mouthwash",
          "Description": " Sensodyne Mouthwash  500ml",
          "SmallImageFile": "https://cdn0.woolworths.media/content/wowproductimages/small/826033.jpg",
          "MediumImageFile": "https://cdn0.woolworths.media/content/wowproductimages/medium/826033.jpg",
          "LargeImageFile": "https://cdn0.woolworths.media/content/wowproductimages/large/826033.jpg",
          "IsNew": false,
          "IsOnSpecial": true,
          "IsEdrSpecial": false,
          "SavingsAmount": 2.3,
          "WasPrice": 9,
          "QuantityInTrolley": 0,
          "Unit": "Each",
          "MinimumQuantity": 1,
          "IsInTrolley": false,
          "Source": "SearchProducts",
          "SupplyLimit": 36,
          "PackageSize": "500ml",
          "IsPmDelivery": false,
          "IsForCollection": true,
          "IsForDelivery": true,
          "CentreTag": {
            "TagContent": null,
            "TagLink": null,
            "FallbackText": null,
            "TagType": "None"
          },
          "IsCentreTag": false,
          "ImageTag": {
            "TagContent": "/content/promotiontags/final-special.png",
            "TagLink": "",
            "FallbackText": "On Special",
            "TagType": "None"
          },
          "HeaderTag": {
            "BackgroundColor": "#fd0",
            "BorderColor": "#fd0",
            "TextColor": "#000",
            "Content": "Save $2.30",
            "TagLink": null,
            "Promotion": "Special"
          },
          "HasHeaderTag": true,
          "UnitWeightInGrams": 500,
          "SupplyLimitMessage": "'Sensodyne Mouthwash ' has a supply limit of 36. The quantity in your cart has been reduced accordingly. To purchase a larger quantity, please contact us on 1800 000 610, or e-mail us at shoponline@woolworths.com.au. Please note - we do not supply trade orders.",
          "SmallFormatDescription": "Sensodyne Mouthwash ",
          "FullDescription": "Sensodyne Mouthwash ",
          "IsAvailable": true,
          "AgeRestricted": false,
          "DisplayQuantity": 1,
          "RichDescription": "<p>Sensodyne mouthwash</p><p>Use New Sensodyne Coolmint Mouthwash everyday to maintain healthy teeth and gums. With a mild, refreshing, alcohol free formula that is kind to mouths, it is an effective way to complete your daily oral health routine. Its fluoride formula strengthens teeth (when used as directed). The mint flavour leaves your breath feeling fresh and your mouth feeling clean.</p>",
          "IsDeliveryPass": false,
          "HideWasSavedPrice": false,
          "SapCategories": null,
          "Brand": "sensodyne",
          "FooterTag": {
            "TagContent": null,
            "TagLink": null,
            "FallbackText": null,
            "TagType": "None"
          },
          "IsFooterEnabled": false,
          "Diagnostics": "23",
          "IsBundle": false,
          "ChildProducts": []
        }
      ],
      "Name": "Sensodyne Mouthwash "
    },
    {
      "Products": [
        {
          "Stockcode": 826415,
          "Barcode": "4902430606684",
          "GtinFormat": 13,
          "CupPrice": 0.9,
          "CupMeasure": "100ML",
          "CupString": "$0.90 / 100ML",
          "HasCupPrice": true,
          "Price": 4.5,
          "Name": "Oral-b Clinical Fluoride Rinse Alcohol Free Clean Mint",
          "UrlFriendlyName": "oral-b-clinical-fluoride-rinse-alcohol-free-clean-mint",
          "Description": " Oral-b Clinical Fluoride<br>Rinse Alcohol Free... 500ml",
          "SmallImageFile": "https://cdn0.woolworths.media/content/wowproductimages/small/826415.jpg",
          "MediumImageFile": "https://cdn0.woolworths.media/content/wowproductimages/medium/826415.jpg",
          "LargeImageFile": "https://cdn0.woolworths.media/content/wowproductimages/large/826415.jpg",
          "IsNew": false,
          "IsOnSpecial": true,
          "IsEdrSpecial": false,
          "SavingsAmount": 4.5,
          "WasPrice": 9,
          "QuantityInTrolley": 0,
          "Unit": "Each",
          "MinimumQuantity": 1,
          "IsInTrolley": false,
          "Source": "SearchProducts",
          "SupplyLimit": 36,
          "PackageSize": "500ml",
          "IsPmDelivery": false,
          "IsForCollection": true,
          "IsForDelivery": true,
          "CentreTag": {
            "TagContent": null,
            "TagLink": null,
            "FallbackText": null,
            "TagType": "None"
          },
          "IsCentreTag": false,
          "ImageTag": {
            "TagContent": "/content/promotiontags/final-half-price.png",
            "TagLink": "",
            "FallbackText": "Half Price",
            "TagType": "None"
          },
          "HeaderTag": {
            "BackgroundColor": "#fd0",
            "BorderColor": "#fd0",
            "TextColor": "#000",
            "Content": "Save $4.50",
            "TagLink": null,
            "Promotion": "Special"
          },
          "HasHeaderTag": true,
          "UnitWeightInGrams": 500,
          "SupplyLimitMessage": "'Oral-b Clinical Fluoride Rinse Alcohol Free Clean Mint' has a supply limit of 36. The quantity in your cart has been reduced accordingly. To purchase a larger quantity, please contact us on 1800 000 610, or e-mail us at shoponline@woolworths.com.au. Please note - we do not supply trade orders.",
          "SmallFormatDescription": "Oral-b Clinical Fluoride Rinse Alcohol Free Clean Mint",
          "FullDescription": "Oral-b Clinical Fluoride Rinse Alcohol Free Clean Mint",
          "IsAvailable": true,
          "AgeRestricted": false,
          "DisplayQuantity": 1,
          "RichDescription": "Oral-B Clinical Alcohol Free Fluoride Rinse helps you get better dental check-ups by helping to prevent cavities, strengthen enamel and promote gum health.<p>Oral-B Clinical.</p>\n<p>7 benefits in 1.</p>\n<p>Alcohol free fluoride rinse.</p>\n<p>Oral-B Clinical mouthwash helps you get better dental check-ups (by helping to prevent cavities, strengthen enamel and promote gum health) without the burn of alcohol.</p>\n<p>It is proven to help:</p>\n<p>- Freshen Breath.</p>\n<p>- Fight Bacteria.</p>\n<p>- Fight Plaque.</p>\n<p>- Strengthen Enamel.</p>\n<p>- Prevent cavities.</p>\n<p>- Clean Teeth.</p>\n<p>- Protect healthy gums.</p>",
          "IsDeliveryPass": false,
          "HideWasSavedPrice": false,
          "SapCategories": null,
          "Brand": "oral-b clinical",
          "FooterTag": {
            "TagContent": null,
            "TagLink": null,
            "FallbackText": null,
            "TagType": "None"
          },
          "IsFooterEnabled": false,
          "Diagnostics": "24",
          "IsBundle": false,
          "ChildProducts": []
        }
      ],
      "Name": "Oral-b Clinical Fluoride Rinse Alcohol Free Clean Mint"
    },
    {
      "Products": [
        {
          "Stockcode": 321880,
          "Barcode": "9300607090109",
          "GtinFormat": 13,
          "CupPrice": 1.86,
          "CupMeasure": "100ML",
          "CupString": "$1.86 / 100ML",
          "HasCupPrice": true,
          "Price": 9.3,
          "Name": "Listerine Total Care Mouthwash Clean Mint",
          "UrlFriendlyName": "listerine-total-care-mouthwash-clean-mint",
          "Description": " Listerine Total Care<br>Mouthwash Clean... 500ml",
          "SmallImageFile": "https://cdn0.woolworths.media/content/wowproductimages/small/321880.jpg",
          "MediumImageFile": "https://cdn0.woolworths.media/content/wowproductimages/medium/321880.jpg",
          "LargeImageFile": "https://cdn0.woolworths.media/content/wowproductimages/large/321880.jpg",
          "IsNew": false,
          "IsOnSpecial": false,
          "IsEdrSpecial": false,
          "SavingsAmount": 0.0,
          "WasPrice": 9.3,
          "QuantityInTrolley": 0,
          "Unit": "Each",
          "MinimumQuantity": 1,
          "IsInTrolley": false,
          "Source": "SearchProducts",
          "SupplyLimit": 36,
          "PackageSize": "500ml",
          "IsPmDelivery": false,
          "IsForCollection": true,
          "IsForDelivery": true,
          "CentreTag": {
            "TagContent": null,
            "TagLink": null,
            "FallbackText": null,
            "TagType": "None"
          },
          "IsCentreTag": false,
          "ImageTag": {
            "TagContent": null,
            "TagLink": null,
            "FallbackText": "",
            "TagType": "None"
          },
          "HeaderTag": null,
          "HasHeaderTag": false,
          "UnitWeightInGrams": 500,
          "SupplyLimitMessage": "'Listerine Total Care Mouthwash Clean Mint' has a supply limit of 36. The quantity in your cart has been reduced accordingly. To purchase a larger quantity, please contact us on 1800 000 610, or e-mail us at shoponline@woolworths.com.au. Please note - we do not supply trade orders.",
          "SmallFormatDescription": "Listerine Total Care Mouthwash Clean Mint",
          "FullDescription": "Listerine Total Care Mouthwash Clean Mint",
          "IsAvailable": true,
          "AgeRestricted": false,
          "DisplayQuantity": 1,
          "RichDescription": "<p>Used twice daily Listerine Total Care Antibacterial Mouthwash is proven to clean and protect with 6 benefits for total oral health.</p><p>Helps kill the germs that cause bad breath and reduces plaque. It contains added fluoride to strengthen teeth and help prevent cavities. It helps prevent and reduce the development of tartar that traps stains and harbours germs.</p><p>Use Listerine Total Care to help:</p><p>1. Reduce plaque</p><p>2. Protect healthy gums</p><p>3. Strengthen teeth against cavities</p><p>4. Prevent tartar to keep teeth naturally white</p><p>5. Kill germs</p><p>6. Provide long lasting breath.</p>",
          "IsDeliveryPass": false,
          "HideWasSavedPrice": false,
          "SapCategories": null,
          "Brand": "listerine total care",
          "FooterTag": {
            "TagContent": null,
            "TagLink": null,
            "FallbackText": null,
            "TagType": "None"
          },
          "IsFooterEnabled": false,
          "Diagnostics": "25",
          "IsBundle": false,
          "ChildProducts": []
        },
        {
          "Stockcode": 321874,
          "Barcode": "93529617",
          "GtinFormat": 8,
          "CupPrice": 2.04,
          "CupMeasure": "100ML",
          "CupString": "$2.04 / 100ML",
          "HasCupPrice": true,
          "Price": 5.1,
          "Name": "Listerine Total Care Mouthwash Clean Mint",
          "UrlFriendlyName": "listerine-total-care-mouthwash-clean-mint",
          "Description": " Listerine Total Care<br>Mouthwash Clean... 250ml",
          "SmallImageFile": "https://cdn0.woolworths.media/content/wowproductimages/small/321874.jpg",
          "MediumImageFile": "https://cdn0.woolworths.media/content/wowproductimages/medium/321874.jpg",
          "LargeImageFile": "https://cdn0.woolworths.media/content/wowproductimages/large/321874.jpg",
          "IsNew": false,
          "IsOnSpecial": false,
          "IsEdrSpecial": false,
          "SavingsAmount": 0.0,
          "WasPrice": 5.1,
          "QuantityInTrolley": 0,
          "Unit": "Each",
          "MinimumQuantity": 1,
          "IsInTrolley": false,
          "Source": "SearchProducts",
          "SupplyLimit": 36,
          "PackageSize": "250ml",
          "IsPmDelivery": false,
          "IsForCollection": true,
          "IsForDelivery": true,
          "CentreTag": {
            "TagContent": null,
            "TagLink": null,
            "FallbackText": null,
            "TagType": "None"
          },
          "IsCentreTag": false,
          "ImageTag": {
            "TagContent": null,
            "TagLink": null,
            "FallbackText": "",
            "TagType": "None"
          },
          "HeaderTag": null,
          "HasHeaderTag": false,
          "UnitWeightInGrams": 250,
          "SupplyLimitMessage": "'Listerine Total Care Mouthwash Clean Mint' has a supply limit of 36. The quantity in your cart has been reduced accordingly. To purchase a larger quantity, please contact us on 1800 000 610, or e-mail us at shoponline@woolworths.com.au. Please note - we do not supply trade orders.",
          "SmallFormatDescription": "Listerine Total Care Mouthwash Clean Mint",
          "FullDescription": "Listerine Total Care Mouthwash Clean Mint",
          "IsAvailable": true,
          "AgeRestricted": false,
          "DisplayQuantity": 1,
          "RichDescription": "<p>Used twice daily, Listerine Total Care Antibacterial Mouthwash is proven to clean and protect with 6 benefits for total oral health.</p><p>Helps kill the germs that cause bad breath and reduces plaque. It contains added fluoride to strengthen teeth and help prevent cavities. It helps prevent and reduce the development of tartar that traps stains and harbours germs.</p><p>Use Listerine Total Care to help:</p><p>1. Reduce plaque</p><p>2. Protect healthy gums</p><p>3. Strengthen teeth against cavities</p><p>4. Prevent tartar to keep teeth naturally white</p><p>5. Kill germs</p><p>6. Provide long lasting breath.</p>",
          "IsDeliveryPass": false,
          "HideWasSavedPrice": false,
          "SapCategories": null,
          "Brand": "listerine total care",
          "FooterTag": {
            "TagContent": null,
            "TagLink": null,
            "FallbackText": null,
            "TagType": "None"
          },
          "IsFooterEnabled": false,
          "Diagnostics": "25",
          "IsBundle": false,
          "ChildProducts": []
        },
        {
          "Stockcode": 321881,
          "Barcode": "9300607090116",
          "GtinFormat": 13,
          "CupPrice": 1.15,
          "CupMeasure": "100ML",
          "CupString": "$1.15 / 100ML",
          "HasCupPrice": true,
          "Price": 11.5,
          "Name": "Listerine Total Care Mouthwash Clean Mint",
          "UrlFriendlyName": "listerine-total-care-mouthwash-clean-mint",
          "Description": " Listerine Total Care<br>Mouthwash Clean Mint 1l",
          "SmallImageFile": "https://cdn0.woolworths.media/content/wowproductimages/small/321881.jpg",
          "MediumImageFile": "https://cdn0.woolworths.media/content/wowproductimages/medium/321881.jpg",
          "LargeImageFile": "https://cdn0.woolworths.media/content/wowproductimages/large/321881.jpg",
          "IsNew": false,
          "IsOnSpecial": true,
          "IsEdrSpecial": false,
          "SavingsAmount": 1.0,
          "WasPrice": 12.5,
          "QuantityInTrolley": 0,
          "Unit": "Each",
          "MinimumQuantity": 1,
          "IsInTrolley": false,
          "Source": "SearchProducts",
          "SupplyLimit": 36,
          "PackageSize": "1l",
          "IsPmDelivery": false,
          "IsForCollection": true,
          "IsForDelivery": true,
          "CentreTag": {
            "TagContent": "<span style=\"COLOR: #e2001a\"> Was $13.65 14/11/16</span>",
            "TagLink": null,
            "FallbackText": null,
            "TagType": "Html"
          },
          "IsCentreTag": true,
          "ImageTag": {
            "TagContent": "/content/promotiontags/final-special.png",
            "TagLink": "",
            "FallbackText": "On Special",
            "TagType": "None"
          },
          "HeaderTag": {
            "BackgroundColor": "#fd0",
            "BorderColor": "#fd0",
            "TextColor": "#000",
            "Content": "Save $1.00",
            "TagLink": null,
            "Promotion": "Special"
          },
          "HasHeaderTag": true,
          "UnitWeightInGrams": 1000,
          "SupplyLimitMessage": "'Listerine Total Care Mouthwash Clean Mint' has a supply limit of 36. The quantity in your cart has been reduced accordingly. To purchase a larger quantity, please contact us on 1800 000 610, or e-mail us at shoponline@woolworths.com.au. Please note - we do not supply trade orders.",
          "SmallFormatDescription": "Listerine Total Care Mouthwash Clean Mint",
          "FullDescription": "Listerine Total Care Mouthwash Clean Mint",
          "IsAvailable": true,
          "AgeRestricted": false,
          "DisplayQuantity": 1,
          "RichDescription": "<p>Used twice daily, Listerine Total Care Antibacterial Mouthwash is proven to clean and protect with 6 benefits for total oral health.</p><p>Helps kill the germs that cause bad breath and reduces plaque. It contains added fluoride to strengthen teeth and help prevent cavities. It helps prevent and reduce the development of tartar that traps stains and harbours germs. Use Listerine Total Care to help:</p><p>1. Reduce plaque</p><p>2. Protect healthy gums</p><p>3. Strengthen teeth against cavities</p><p>4. Prevent tartar to keep teeth naturally white</p><p>5. Kill germs</p><p>6. Provide long lasting breath</p>",
          "IsDeliveryPass": false,
          "HideWasSavedPrice": false,
          "SapCategories": null,
          "Brand": "listerine total care",
          "FooterTag": {
            "TagContent": "<div class=\"productTag-pricedropped\" style=\"\r\nheight:46px;\r\nposition:absolute;\r\ntop:-4px;\r\nleft:0;\r\nwidth:100%;\r\nbackground:white;\r\noutline: 1px solid #c20016;\r\ntext-align:center;\">\r\n\r\n<img src=\"https://wowpmediaaae.azureedge.net/content/content/pricedropped-footer-transparent.png\" width=\"204px\" height=\"16px\" alt=\"Price Dropped\" style=\"display:inline-block;margin-top:15px;max-width: 100%;\">\r\n</div>",
            "TagLink": null,
            "FallbackText": null,
            "TagType": "Html"
          },
          "IsFooterEnabled": true,
          "Diagnostics": "25",
          "IsBundle": false,
          "ChildProducts": []
        }
      ],
      "Name": "Listerine  Mouthwash Clean Mint"
    },
    {
      "Products": [
        {
          "Stockcode": 321881,
          "Barcode": "9300607090116",
          "GtinFormat": 13,
          "CupPrice": 1.15,
          "CupMeasure": "100ML",
          "CupString": "$1.15 / 100ML",
          "HasCupPrice": true,
          "Price": 11.5,
          "Name": "Listerine Total Care Mouthwash Clean Mint",
          "UrlFriendlyName": "listerine-total-care-mouthwash-clean-mint",
          "Description": " Listerine Total Care<br>Mouthwash Clean Mint 1l",
          "SmallImageFile": "https://cdn0.woolworths.media/content/wowproductimages/small/321881.jpg",
          "MediumImageFile": "https://cdn0.woolworths.media/content/wowproductimages/medium/321881.jpg",
          "LargeImageFile": "https://cdn0.woolworths.media/content/wowproductimages/large/321881.jpg",
          "IsNew": false,
          "IsOnSpecial": true,
          "IsEdrSpecial": false,
          "SavingsAmount": 1.0,
          "WasPrice": 12.5,
          "QuantityInTrolley": 0,
          "Unit": "Each",
          "MinimumQuantity": 1,
          "IsInTrolley": false,
          "Source": "SearchProducts",
          "SupplyLimit": 36,
          "PackageSize": "1l",
          "IsPmDelivery": false,
          "IsForCollection": true,
          "IsForDelivery": true,
          "CentreTag": {
            "TagContent": "<span style=\"COLOR: #e2001a\"> Was $13.65 14/11/16</span>",
            "TagLink": null,
            "FallbackText": null,
            "TagType": "Html"
          },
          "IsCentreTag": true,
          "ImageTag": {
            "TagContent": "/content/promotiontags/final-special.png",
            "TagLink": "",
            "FallbackText": "On Special",
            "TagType": "None"
          },
          "HeaderTag": {
            "BackgroundColor": "#fd0",
            "BorderColor": "#fd0",
            "TextColor": "#000",
            "Content": "Save $1.00",
            "TagLink": null,
            "Promotion": "Special"
          },
          "HasHeaderTag": true,
          "UnitWeightInGrams": 1000,
          "SupplyLimitMessage": "'Listerine Total Care Mouthwash Clean Mint' has a supply limit of 36. The quantity in your cart has been reduced accordingly. To purchase a larger quantity, please contact us on 1800 000 610, or e-mail us at shoponline@woolworths.com.au. Please note - we do not supply trade orders.",
          "SmallFormatDescription": "Listerine Total Care Mouthwash Clean Mint",
          "FullDescription": "Listerine Total Care Mouthwash Clean Mint",
          "IsAvailable": true,
          "AgeRestricted": false,
          "DisplayQuantity": 1,
          "RichDescription": "<p>Used twice daily, Listerine Total Care Antibacterial Mouthwash is proven to clean and protect with 6 benefits for total oral health.</p><p>Helps kill the germs that cause bad breath and reduces plaque. It contains added fluoride to strengthen teeth and help prevent cavities. It helps prevent and reduce the development of tartar that traps stains and harbours germs. Use Listerine Total Care to help:</p><p>1. Reduce plaque</p><p>2. Protect healthy gums</p><p>3. Strengthen teeth against cavities</p><p>4. Prevent tartar to keep teeth naturally white</p><p>5. Kill germs</p><p>6. Provide long lasting breath</p>",
          "IsDeliveryPass": false,
          "HideWasSavedPrice": false,
          "SapCategories": null,
          "Brand": "listerine total care",
          "FooterTag": {
            "TagContent": "<div class=\"productTag-pricedropped\" style=\"\r\nheight:46px;\r\nposition:absolute;\r\ntop:-4px;\r\nleft:0;\r\nwidth:100%;\r\nbackground:white;\r\noutline: 1px solid #c20016;\r\ntext-align:center;\">\r\n\r\n<img src=\"https://wowpmediaaae.azureedge.net/content/content/pricedropped-footer-transparent.png\" width=\"204px\" height=\"16px\" alt=\"Price Dropped\" style=\"display:inline-block;margin-top:15px;max-width: 100%;\">\r\n</div>",
            "TagLink": null,
            "FallbackText": null,
            "TagType": "Html"
          },
          "IsFooterEnabled": true,
          "Diagnostics": "26",
          "IsBundle": false,
          "ChildProducts": []
        }
      ],
      "Name": "Listerine Total Care Mouthwash Clean Mint"
    },
    {
      "Products": [
        {
          "Stockcode": 345098,
          "Barcode": "9310042480137",
          "GtinFormat": 13,
          "CupPrice": 19.17,
          "CupMeasure": "100G",
          "CupString": "$19.17 / 100G",
          "HasCupPrice": true,
          "Price": 11.5,
          "Name": "Polident Denture Care Adhesive Cream Flavour Free",
          "UrlFriendlyName": "polident-denture-care-adhesive-cream-flavour-free",
          "Description": " Polident Denture Care<br>Adhesive Cream... 60g",
          "SmallImageFile": "https://cdn0.woolworths.media/content/wowproductimages/small/345098.jpg",
          "MediumImageFile": "https://cdn0.woolworths.media/content/wowproductimages/medium/345098.jpg",
          "LargeImageFile": "https://cdn0.woolworths.media/content/wowproductimages/large/345098.jpg",
          "IsNew": false,
          "IsOnSpecial": false,
          "IsEdrSpecial": false,
          "SavingsAmount": 0.0,
          "WasPrice": 11.5,
          "QuantityInTrolley": 0,
          "Unit": "Each",
          "MinimumQuantity": 1,
          "IsInTrolley": false,
          "Source": "SearchProducts",
          "SupplyLimit": 36,
          "PackageSize": "60g",
          "IsPmDelivery": false,
          "IsForCollection": true,
          "IsForDelivery": true,
          "CentreTag": {
            "TagContent": null,
            "TagLink": null,
            "FallbackText": null,
            "TagType": "None"
          },
          "IsCentreTag": false,
          "ImageTag": {
            "TagContent": null,
            "TagLink": null,
            "FallbackText": "",
            "TagType": "None"
          },
          "HeaderTag": null,
          "HasHeaderTag": false,
          "UnitWeightInGrams": 60,
          "SupplyLimitMessage": "'Polident Denture Care Adhesive Cream Flavour Free' has a supply limit of 36. The quantity in your cart has been reduced accordingly. To purchase a larger quantity, please contact us on 1800 000 610, or e-mail us at shoponline@woolworths.com.au. Please note - we do not supply trade orders.",
          "SmallFormatDescription": "Polident Denture Care Adhesive Cream Flavour Free",
          "FullDescription": "Polident Denture Care Adhesive Cream Flavour Free",
          "IsAvailable": true,
          "AgeRestricted": false,
          "DisplayQuantity": 1,
          "RichDescription": "<p>Polident Complete Comfort Denture Adhesive Cream Flavour Free</p><p>- Extra Bite Force</p><p>- Helps seal out food</p><p>- Cushions the gums.</p><p>- Extra hold</p><p>- Enhances a well fitting denture</p><p>- Easy to apply with Ooze Control Tip.</p>",
          "IsDeliveryPass": false,
          "HideWasSavedPrice": false,
          "SapCategories": null,
          "Brand": "polident",
          "FooterTag": {
            "TagContent": null,
            "TagLink": null,
            "FallbackText": null,
            "TagType": "None"
          },
          "IsFooterEnabled": false,
          "Diagnostics": "27",
          "IsBundle": false,
          "ChildProducts": []
        }
      ],
      "Name": "Polident Denture Care Adhesive Cream Flavour Free"
    },
    {
      "Products": [
        {
          "Stockcode": 86759,
          "Barcode": "9310042275382",
          "GtinFormat": 13,
          "CupPrice": 20.83,
          "CupMeasure": "100G",
          "CupString": "$20.83 / 100G",
          "HasCupPrice": true,
          "Price": 12.5,
          "Name": "Polident Poligrip Denture Care Cream Fresh Mint",
          "UrlFriendlyName": "polident-poligrip-denture-care-cream-fresh-mint",
          "Description": " Polident Poligrip Denture<br>Care Cream Fresh... 60g",
          "SmallImageFile": "https://cdn0.woolworths.media/content/wowproductimages/small/086759.jpg",
          "MediumImageFile": "https://cdn0.woolworths.media/content/wowproductimages/medium/086759.jpg",
          "LargeImageFile": "https://cdn0.woolworths.media/content/wowproductimages/large/086759.jpg",
          "IsNew": false,
          "IsOnSpecial": false,
          "IsEdrSpecial": false,
          "SavingsAmount": 0.0,
          "WasPrice": 12.5,
          "QuantityInTrolley": 0,
          "Unit": "Each",
          "MinimumQuantity": 1,
          "IsInTrolley": false,
          "Source": "SearchProducts",
          "SupplyLimit": 36,
          "PackageSize": "60g",
          "IsPmDelivery": false,
          "IsForCollection": true,
          "IsForDelivery": true,
          "CentreTag": {
            "TagContent": "<span style=\"COLOR: #e2001a\"> Was $12.70 14/11/16</span>",
            "TagLink": null,
            "FallbackText": null,
            "TagType": "Html"
          },
          "IsCentreTag": true,
          "ImageTag": {
            "TagContent": null,
            "TagLink": null,
            "FallbackText": "",
            "TagType": "None"
          },
          "HeaderTag": {
            "BackgroundColor": "#fff",
            "BorderColor": "#c20016",
            "TextColor": "#c20016",
            "Content": "<span class=\"u-semibold\">Price dropped</span>",
            "TagLink": null,
            "Promotion": "PriceDropped"
          },
          "HasHeaderTag": true,
          "UnitWeightInGrams": 60,
          "SupplyLimitMessage": "'Polident Poligrip Denture Care Cream Fresh Mint' has a supply limit of 36. The quantity in your cart has been reduced accordingly. To purchase a larger quantity, please contact us on 1800 000 610, or e-mail us at shoponline@woolworths.com.au. Please note - we do not supply trade orders.",
          "SmallFormatDescription": "Polident Poligrip Denture Care Cream Fresh Mint",
          "FullDescription": "Polident Poligrip Denture Care Cream Fresh Mint",
          "IsAvailable": true,
          "AgeRestricted": false,
          "DisplayQuantity": 1,
          "RichDescription": "<p>Polident Complete Comfort Denture Adhesive Cream Fresh</p><p>- Extra Bite Force</p><p>- Helps seal out food</p><p>- Cushions the gums.</p><p>- Extra hold</p><p>- Enhances a well fitting denture</p><p>- Easy to apply with Ooze Control Tip.</p>",
          "IsDeliveryPass": false,
          "HideWasSavedPrice": false,
          "SapCategories": null,
          "Brand": "polident poligrip",
          "FooterTag": {
            "TagContent": "<div class=\"productTag-pricedropped\" style=\"\r\nheight:46px;\r\nposition:absolute;\r\ntop:-4px;\r\nleft:0;\r\nwidth:100%;\r\nbackground:white;\r\noutline: 1px solid #c20016;\r\ntext-align:center;\">\r\n\r\n<img src=\"https://wowpmediaaae.azureedge.net/content/content/pricedropped-footer-transparent.png\" width=\"204px\" height=\"16px\" alt=\"Price Dropped\" style=\"display:inline-block;margin-top:15px;max-width: 100%;\">\r\n</div>",
            "TagLink": null,
            "FallbackText": null,
            "TagType": "Html"
          },
          "IsFooterEnabled": true,
          "Diagnostics": "28",
          "IsBundle": false,
          "ChildProducts": []
        }
      ],
      "Name": "Polident Poligrip Denture Care Cream Fresh Mint"
    },
    {
      "Products": [
        {
          "Stockcode": 94185,
          "Barcode": "9300631016854",
          "GtinFormat": 13,
          "CupPrice": 4.35,
          "CupMeasure": "100G",
          "CupString": "$4.35 / 100G",
          "HasCupPrice": true,
          "Price": 5,
          "Name": "Steradent Active Plus Denture Care Paste",
          "UrlFriendlyName": "steradent-active-plus-denture-care-paste",
          "Description": " Steradent Active Plus<br>Denture Care Paste 115g",
          "SmallImageFile": "https://cdn0.woolworths.media/content/wowproductimages/small/094185.jpg",
          "MediumImageFile": "https://cdn0.woolworths.media/content/wowproductimages/medium/094185.jpg",
          "LargeImageFile": "https://cdn0.woolworths.media/content/wowproductimages/large/094185.jpg",
          "IsNew": false,
          "IsOnSpecial": false,
          "IsEdrSpecial": false,
          "SavingsAmount": 0,
          "WasPrice": 5,
          "QuantityInTrolley": 0,
          "Unit": "Each",
          "MinimumQuantity": 1,
          "IsInTrolley": false,
          "Source": "SearchProducts",
          "SupplyLimit": 36,
          "PackageSize": "115g",
          "IsPmDelivery": false,
          "IsForCollection": true,
          "IsForDelivery": true,
          "CentreTag": {
            "TagContent": null,
            "TagLink": null,
            "FallbackText": null,
            "TagType": "None"
          },
          "IsCentreTag": false,
          "ImageTag": {
            "TagContent": null,
            "TagLink": null,
            "FallbackText": "",
            "TagType": "None"
          },
          "HeaderTag": null,
          "HasHeaderTag": false,
          "UnitWeightInGrams": 115,
          "SupplyLimitMessage": "'Steradent Active Plus Denture Care Paste' has a supply limit of 36. The quantity in your cart has been reduced accordingly. To purchase a larger quantity, please contact us on 1800 000 610, or e-mail us at shoponline@woolworths.com.au. Please note - we do not supply trade orders.",
          "SmallFormatDescription": "Steradent Active Plus Denture Care Paste",
          "FullDescription": "Steradent Active Plus Denture Care Paste",
          "IsAvailable": true,
          "AgeRestricted": false,
          "DisplayQuantity": 1,
          "RichDescription": "<p>Steradent is suitable for both full and partial plates.</p><p>Steradent Denture Paste removes stains and plaque build up on full and partial dentures.</p><p>Steradent Denture Paste also cleans natural teeth.</p><p>Steradent Denture Paste has a peppermint flavour that leaves your mouth feeling fresh.</p>",
          "IsDeliveryPass": false,
          "HideWasSavedPrice": false,
          "SapCategories": null,
          "Brand": "steradent active plus",
          "FooterTag": {
            "TagContent": null,
            "TagLink": null,
            "FallbackText": null,
            "TagType": "None"
          },
          "IsFooterEnabled": false,
          "Diagnostics": "29",
          "IsBundle": false,
          "ChildProducts": []
        }
      ],
      "Name": "Steradent Active Plus Denture Care Paste"
    },
    {
      "Products": [
        {
          "Stockcode": 71945,
          "Barcode": "9310320036001",
          "GtinFormat": 13,
          "CupPrice": 38.25,
          "CupMeasure": "100ML",
          "CupString": "$38.25 / 100ML",
          "HasCupPrice": true,
          "Price": 4.59,
          "Name": "Ultrafresh Breath Freshners Cool Min Spray",
          "UrlFriendlyName": "ultrafresh-breath-freshners-cool-min-spray",
          "Description": " Ultrafresh Breath Freshners<br>Cool Min Spray 12ml",
          "SmallImageFile": "https://cdn0.woolworths.media/content/wowproductimages/small/071945.jpg",
          "MediumImageFile": "https://cdn0.woolworths.media/content/wowproductimages/medium/071945.jpg",
          "LargeImageFile": "https://cdn0.woolworths.media/content/wowproductimages/large/071945.jpg",
          "IsNew": false,
          "IsOnSpecial": false,
          "IsEdrSpecial": false,
          "SavingsAmount": 0.00,
          "WasPrice": 4.59,
          "QuantityInTrolley": 0,
          "Unit": "Each",
          "MinimumQuantity": 1,
          "IsInTrolley": false,
          "Source": "SearchProducts",
          "SupplyLimit": 36,
          "PackageSize": "12ml",
          "IsPmDelivery": false,
          "IsForCollection": true,
          "IsForDelivery": true,
          "CentreTag": {
            "TagContent": null,
            "TagLink": null,
            "FallbackText": null,
            "TagType": "None"
          },
          "IsCentreTag": false,
          "ImageTag": {
            "TagContent": null,
            "TagLink": null,
            "FallbackText": "",
            "TagType": "None"
          },
          "HeaderTag": null,
          "HasHeaderTag": false,
          "UnitWeightInGrams": 12,
          "SupplyLimitMessage": "'Ultrafresh Breath Freshners Cool Min Spray' has a supply limit of 36. The quantity in your cart has been reduced accordingly. To purchase a larger quantity, please contact us on 1800 000 610, or e-mail us at shoponline@woolworths.com.au. Please note - we do not supply trade orders.",
          "SmallFormatDescription": "Ultrafresh Breath Freshners Cool Min Spray",
          "FullDescription": "Ultrafresh Breath Freshners Cool Min Spray",
          "IsAvailable": true,
          "AgeRestricted": false,
          "DisplayQuantity": 1,
          "RichDescription": "<p>Ultrafresh Oral Care Breath Spray helps kill bacteria that cause bad breath and leaves your mouth feeling instantly clean and minty fresh. Ideal for handbag, desk drawer or wherever you need fresh breath confidence. Sugar free and perfect when you're on the go.</p><p>- Over 100 sprays.</p>",
          "IsDeliveryPass": false,
          "HideWasSavedPrice": false,
          "SapCategories": null,
          "Brand": "ultrafresh",
          "FooterTag": {
            "TagContent": null,
            "TagLink": null,
            "FallbackText": null,
            "TagType": "None"
          },
          "IsFooterEnabled": false,
          "Diagnostics": "30",
          "IsBundle": false,
          "ChildProducts": []
        }
      ],
      "Name": "Ultrafresh Breath Freshners Cool Min Spray"
    },
    {
      "Products": [
        {
          "Stockcode": 376687,
          "Barcode": "4210201856160",
          "GtinFormat": 13,
          "CupPrice": 23.5,
          "CupMeasure": "1EA",
          "CupString": "$23.50 / 1EA",
          "HasCupPrice": true,
          "Price": 23.5,
          "Name": "Oral-b Vitality Plus Powered Toothbrush Floss Action",
          "UrlFriendlyName": "oral-b-vitality-plus-powered-toothbrush-floss-action",
          "Description": " Oral-b Vitality Plus Powered<br>Toothbrush Floss... each",
          "SmallImageFile": "https://cdn0.woolworths.media/content/wowproductimages/small/376687.jpg",
          "MediumImageFile": "https://cdn0.woolworths.media/content/wowproductimages/medium/376687.jpg",
          "LargeImageFile": "https://cdn0.woolworths.media/content/wowproductimages/large/376687.jpg",
          "IsNew": false,
          "IsOnSpecial": true,
          "IsEdrSpecial": false,
          "SavingsAmount": 23.5,
          "WasPrice": 47,
          "QuantityInTrolley": 0,
          "Unit": "Each",
          "MinimumQuantity": 1,
          "IsInTrolley": false,
          "Source": "SearchProducts",
          "SupplyLimit": 36,
          "PackageSize": "each",
          "IsPmDelivery": false,
          "IsForCollection": true,
          "IsForDelivery": true,
          "CentreTag": {
            "TagContent": null,
            "TagLink": null,
            "FallbackText": null,
            "TagType": "None"
          },
          "IsCentreTag": false,
          "ImageTag": {
            "TagContent": "/content/promotiontags/final-half-price.png",
            "TagLink": "",
            "FallbackText": "Half Price",
            "TagType": "None"
          },
          "HeaderTag": {
            "BackgroundColor": "#fd0",
            "BorderColor": "#fd0",
            "TextColor": "#000",
            "Content": "Save $23.50",
            "TagLink": null,
            "Promotion": "Special"
          },
          "HasHeaderTag": true,
          "UnitWeightInGrams": 400,
          "SupplyLimitMessage": "'Oral-b Vitality Plus Powered Toothbrush Floss Action' has a supply limit of 36. The quantity in your cart has been reduced accordingly. To purchase a larger quantity, please contact us on 1800 000 610, or e-mail us at shoponline@woolworths.com.au. Please note - we do not supply trade orders.",
          "SmallFormatDescription": "Oral-b Vitality Plus Powered Toothbrush Floss Action",
          "FullDescription": "Oral-b Vitality Plus Powered Toothbrush Floss Action",
          "IsAvailable": true,
          "AgeRestricted": false,
          "DisplayQuantity": 1,
          "RichDescription": "Oral-B Vitality Plus FlossAction Rechargeable Power Toothbrush is the most advanced Vitality toothbrush. Removes more plaque than an ordinary manual toothbrush with MicroPulse bristles that clean deep between teeth.<p>Oral-B Vitality Plus FlossAction Rechargeable Power Toothbrush.</p>\n<p>- Clinically proven: Cleans better than an ordinary manual toothbrush.</p>\n<p>- Advanced cleaning technology: Oral-B FlossAction Brush Head with MicroPulse Bristles: Surrounds each tooth for overall cleaning.</p>\n<p>- High speed oscillating/rotating motion.</p>\n<p>- 2 Minute Timer. Signals after two minutes to help you brush for the recommended brushing time.</p>\n<p>- Rechargeable battery. Overcharging is impossible.</p>",
          "IsDeliveryPass": false,
          "HideWasSavedPrice": false,
          "SapCategories": null,
          "Brand": "oral-b vitality plus",
          "FooterTag": {
            "TagContent": null,
            "TagLink": null,
            "FallbackText": null,
            "TagType": "None"
          },
          "IsFooterEnabled": false,
          "Diagnostics": "31",
          "IsBundle": false,
          "ChildProducts": []
        }
      ],
      "Name": "Oral-b Vitality Plus Powered Toothbrush Floss Action"
    }
  ],
  "Corrections": null,
  "SearchResultsCount": 30,
  "VisualShoppingAisleResponse": [],
  "Aggregations": [
    {
      "Name": "Category",
      "DisplayName": "Category",
      "Type": "Multi",
      "FilterType": "Term",
      "FilterDataType": "String",
      "Results": [
        {
          "Name": "1_3022EED",
          "Term": "1_3022EED",
          "ExtraOutputFields": {
            "description.raw": "Floss & Mouthwash",
            "nodelevel.raw": "3",
            "displayorder.raw": "348",
            "parentnodeid.raw": "1_6DCE3C5"
          },
          "Min": null,
          "Max": null,
          "Applied": false,
          "Count": 26
        },
        {
          "Name": "1_6DCE3C5",
          "Term": "1_6DCE3C5",
          "ExtraOutputFields": {
            "description.raw": "Dental Care",
            "nodelevel.raw": "2",
            "displayorder.raw": "70",
            "parentnodeid.raw": "1_894D0A8"
          },
          "Min": null,
          "Max": null,
          "Applied": false,
          "Count": 30
        },
        {
          "Name": "1_894D0A8",
          "Term": "1_894D0A8",
          "ExtraOutputFields": {
            "description.raw": "Health & Beauty",
            "nodelevel.raw": "1",
            "displayorder.raw": "12"
          },
          "Min": null,
          "Max": null,
          "Applied": false,
          "Count": 30
        },
        {
          "Name": "1_9086150",
          "Term": "1_9086150",
          "ExtraOutputFields": {
            "description.raw": "Denture Care",
            "nodelevel.raw": "3",
            "displayorder.raw": "351",
            "parentnodeid.raw": "1_6DCE3C5"
          },
          "Min": null,
          "Max": null,
          "Applied": false,
          "Count": 3
        },
        {
          "Name": "1_F1ECC3C",
          "Term": "1_F1ECC3C",
          "ExtraOutputFields": {
            "description.raw": "Toothbrushes",
            "nodelevel.raw": "3",
            "displayorder.raw": "349",
            "parentnodeid.raw": "1_6DCE3C5"
          },
          "Min": null,
          "Max": null,
          "Applied": false,
          "Count": 1
        }
      ],
      "ResultsGrouped": null,
      "State": "Closed",
      "Rank": 0,
      "AdditionalResults": false,
      "DesignType": null,
      "ShowFilter": false
    }
  ]
}