{
  "Products": [
    {
      "Products": [
        {
          "Stockcode": 7556,
          "CupPrice": 2.05,
          "CupMeasure": "1L",
          "CupString": "$2.05 / 1L",
          "HasCupPrice": true,
          "Price": 2.05,
          "Name": "Golden Circle Golden Pash Fruit Drink",
          "UrlFriendlyName": "golden-circle-golden-pash-fruit-drink",
          "Description": " Golden Circle Golden Pash<br>Fruit Drink 1l",
          "SmallImageFile": "/Content/wowProductImages/small/007556.jpg",
          "MediumImageFile": "/Content/wowProductImages/medium/007556.jpg",
          "LargeImageFile": "/Content/wowProductImages/medium/007556.jpg",
          "IsOnSpecial": false,
          "IsEdrSpecial": false,
          "SavingsAmount": 0.00,
          "WasPrice": 2.05,
          "QuantityInTrolley": 0,
          "Unit": "Each",
          "MinimumQuantity": 1,
          "IsInTrolley": false,
          "Source": "SearchProducts",
          "SupplyLimit": 36,
          "PackageSize": "1l",
          "IsPmDelivery": false,
          "IsForCollection": true,
          "IsForDelivery": true,
          "ImageTag": {
            "TagContent": "/Content/PromotionTags/final-edr-card.png",
            "TagLink": null,
            "FallbackText": null,
            "TagType": "None"
          },
          "CentreTag": {
            "TagContent": null,
            "TagLink": null,
            "FallbackText": null,
            "TagType": "None"
          },
          "FooterTag": {
            "TagContent": "<div class=\"productTag-earnDollars\" style=\"color:#fff;height:46px;position:absolute;top:-2px;left:0;width:100%;background-image:linear-gradient(to bottom, #E9670B 0%, #C04722 50%);font-weight:bold;line-height: 1;\"><div class=\"vertical-align\" style=\"left:3.5%;text-align:center;\"><div class=\"earn-text\" style=\"font-size:168%;line-height:19px;margin-top:4px;\">EARN</div><div style=\"line-height:14px;\"><img src=\"/Images/ProductTag/icon-wapple-white.png\" width=\"12\" height=\"12\" alt=\"Woolworths\" style=\"margin: 2px 3px 0;display:inline-block;float:left;\"><span style=\"font-size:75%;\">DOLLARS</span></div></div><div class=\"vertical-align\" style=\"right:4.5%;text-align:right;\"><div style=\"font-size:137%;letter-spacing:0.5px;\">$1.00</div><div style=\"font-size:75%; margin-top: 2%;\">WITH CARD</div></div></div><style>.productTag-earnDollars{font-size:16px;}.cardViewCompact .productTag-earnDollars{font-size:14px;}.cardViewCompact .withIcon .productTag-earnDollars{font-size:13px;}</style>",
            "TagLink": "/Shop/ProductGroup/162037",
            "FallbackText": null,
            "TagType": "Html"
          },
          "IsCentreTag": false,
          "IsFooterEnabled": true,
          "UnitWeightInGrams": 1074,
          "SupplyLimitMessage": "'Golden Circle Golden Pash Fruit Drink' has a supply limit of 36. The quantity in your trolley has been reduced accordingly. To purchase a larger quantity, please contact us on 1800 000 610, or e-mail us at shoponline@woolworths.com.au. Please note - we do not supply trade orders.",
          "SmallFormatDescription": "Golden Circle Golden Pash Fruit Drink",
          "IsAvailable": true,
          "AgeRestricted": false,
          "DisplayQuantity": 1,
          "RichDescription": "",
          "IsDeliveryPass": false,
          "HideWasSavedPrice": false
        }
      ],
      "Name": " Golden Circle Golden Pash<br>Fruit Drink "
    },
    {
      "Products": [
        {
          "Stockcode": 786549,
          "CupPrice": 2.75,
          "CupMeasure": "1L",
          "CupString": "$2.75 / 1L",
          "HasCupPrice": true,
          "Price": 2.75,
          "Name": "Golden Circle Mango Nectar Fruit Drink",
          "UrlFriendlyName": "golden-circle-mango-nectar-fruit-drink",
          "Description": " Golden Circle Mango Nectar<br>Fruit Drink 1l",
          "SmallImageFile": "/Content/wowProductImages/small/786549.jpg",
          "MediumImageFile": "/Content/wowProductImages/medium/786549.jpg",
          "LargeImageFile": "/Content/wowProductImages/medium/786549.jpg",
          "IsOnSpecial": false,
          "IsEdrSpecial": false,
          "SavingsAmount": 0.00,
          "WasPrice": 2.75,
          "QuantityInTrolley": 0,
          "Unit": "Each",
          "MinimumQuantity": 1,
          "IsInTrolley": false,
          "Source": "SearchProducts",
          "SupplyLimit": 36,
          "PackageSize": "1l",
          "IsPmDelivery": false,
          "IsForCollection": true,
          "IsForDelivery": true,
          "ImageTag": {
            "TagContent": null,
            "TagLink": null,
            "FallbackText": "",
            "TagType": "None"
          },
          "CentreTag": {
            "TagContent": null,
            "TagLink": null,
            "FallbackText": null,
            "TagType": "None"
          },
          "FooterTag": {
            "TagContent": null,
            "TagLink": null,
            "FallbackText": null,
            "TagType": "None"
          },
          "IsCentreTag": false,
          "IsFooterEnabled": false,
          "UnitWeightInGrams": 1078,
          "SupplyLimitMessage": "'Golden Circle Mango Nectar Fruit Drink' has a supply limit of 36. The quantity in your trolley has been reduced accordingly. To purchase a larger quantity, please contact us on 1800 000 610, or e-mail us at shoponline@woolworths.com.au. Please note - we do not supply trade orders.",
          "SmallFormatDescription": "Golden Circle Mango Nectar Fruit Drink",
          "IsAvailable": true,
          "AgeRestricted": false,
          "DisplayQuantity": 1,
          "RichDescription": "",
          "IsDeliveryPass": false,
          "HideWasSavedPrice": false
        }
      ],
      "Name": " Golden Circle Mango Nectar<br>Fruit Drink "
    },
    {
      "Products": [
        {
          "Stockcode": 35498,
          "CupPrice": 2.05,
          "CupMeasure": "1L",
          "CupString": "$2.05 / 1L",
          "HasCupPrice": true,
          "Price": 2.05,
          "Name": "Golden Circle Sunshine Punch Fruit Drink",
          "UrlFriendlyName": "golden-circle-sunshine-punch-fruit-drink",
          "Description": " Golden Circle Sunshine Punch<br>Fruit Drink 1l",
          "SmallImageFile": "/Content/wowProductImages/small/035498.jpg",
          "MediumImageFile": "/Content/wowProductImages/medium/035498.jpg",
          "LargeImageFile": "/Content/wowProductImages/medium/035498.jpg",
          "IsOnSpecial": false,
          "IsEdrSpecial": false,
          "SavingsAmount": 0.00,
          "WasPrice": 2.05,
          "QuantityInTrolley": 0,
          "Unit": "Each",
          "MinimumQuantity": 1,
          "IsInTrolley": false,
          "Source": "SearchProducts",
          "SupplyLimit": 36,
          "PackageSize": "1l",
          "IsPmDelivery": false,
          "IsForCollection": true,
          "IsForDelivery": true,
          "ImageTag": {
            "TagContent": "/Content/PromotionTags/final-edr-card.png",
            "TagLink": null,
            "FallbackText": null,
            "TagType": "None"
          },
          "CentreTag": {
            "TagContent": null,
            "TagLink": null,
            "FallbackText": null,
            "TagType": "None"
          },
          "FooterTag": {
            "TagContent": "<div class=\"productTag-earnDollars\" style=\"color:#fff;height:46px;position:absolute;top:-2px;left:0;width:100%;background-image:linear-gradient(to bottom, #E9670B 0%, #C04722 50%);font-weight:bold;line-height: 1;\"><div class=\"vertical-align\" style=\"left:3.5%;text-align:center;\"><div class=\"earn-text\" style=\"font-size:168%;line-height:19px;margin-top:4px;\">EARN</div><div style=\"line-height:14px;\"><img src=\"/Images/ProductTag/icon-wapple-white.png\" width=\"12\" height=\"12\" alt=\"Woolworths\" style=\"margin: 2px 3px 0;display:inline-block;float:left;\"><span style=\"font-size:75%;\">DOLLARS</span></div></div><div class=\"vertical-align\" style=\"right:4.5%;text-align:right;\"><div style=\"font-size:137%;letter-spacing:0.5px;\">$1.00</div><div style=\"font-size:75%; margin-top: 2%;\">WITH CARD</div></div></div><style>.productTag-earnDollars{font-size:16px;}.cardViewCompact .productTag-earnDollars{font-size:14px;}.cardViewCompact .withIcon .productTag-earnDollars{font-size:13px;}</style>",
            "TagLink": "/Shop/ProductGroup/162037",
            "FallbackText": null,
            "TagType": "Html"
          },
          "IsCentreTag": false,
          "IsFooterEnabled": true,
          "UnitWeightInGrams": 1074,
          "SupplyLimitMessage": "'Golden Circle Sunshine Punch Fruit Drink' has a supply limit of 36. The quantity in your trolley has been reduced accordingly. To purchase a larger quantity, please contact us on 1800 000 610, or e-mail us at shoponline@woolworths.com.au. Please note - we do not supply trade orders.",
          "SmallFormatDescription": "Golden Circle Sunshine Punch Fruit Drink",
          "IsAvailable": true,
          "AgeRestricted": false,
          "DisplayQuantity": 1,
          "RichDescription": "",
          "IsDeliveryPass": false,
          "HideWasSavedPrice": false
        }
      ],
      "Name": " Golden Circle Sunshine Punch<br>Fruit Drink "
    },
    {
      "Products": [
        {
          "Stockcode": 67059,
          "CupPrice": 1.8,
          "CupMeasure": "1L",
          "CupString": "$1.80 / 1L",
          "HasCupPrice": true,
          "Price": 3.59,
          "Name": "Golden Circle Pineapple Juice",
          "UrlFriendlyName": "golden-circle-pineapple-juice",
          "Description": " Golden Circle Pineapple<br>Juice 2l",
          "SmallImageFile": "/Content/wowProductImages/small/067059.jpg",
          "MediumImageFile": "/Content/wowProductImages/medium/067059.jpg",
          "LargeImageFile": "/Content/wowProductImages/medium/067059.jpg",
          "IsOnSpecial": false,
          "IsEdrSpecial": false,
          "SavingsAmount": 0.00,
          "WasPrice": 3.59,
          "QuantityInTrolley": 0,
          "Unit": "Each",
          "MinimumQuantity": 1,
          "IsInTrolley": false,
          "Source": "SearchProducts",
          "SupplyLimit": 36,
          "PackageSize": "2l",
          "IsPmDelivery": false,
          "IsForCollection": true,
          "IsForDelivery": true,
          "ImageTag": {
            "TagContent": null,
            "TagLink": null,
            "FallbackText": "",
            "TagType": "None"
          },
          "CentreTag": {
            "TagContent": "<a title=\"2 for 5.000\" href=\"/Shop/ProductGroup/161202\"><span style=\"COLOR: #e2001a\">2 for $5.00</span> $1.25/1L</a>",
            "TagLink": null,
            "FallbackText": null,
            "TagType": "Html"
          },
          "FooterTag": {
            "TagContent": null,
            "TagLink": null,
            "FallbackText": null,
            "TagType": "None"
          },
          "IsCentreTag": true,
          "IsFooterEnabled": false,
          "UnitWeightInGrams": 2148,
          "SupplyLimitMessage": "'Golden Circle Pineapple Juice' has a supply limit of 36. The quantity in your trolley has been reduced accordingly. To purchase a larger quantity, please contact us on 1800 000 610, or e-mail us at shoponline@woolworths.com.au. Please note - we do not supply trade orders.",
          "SmallFormatDescription": "Golden Circle Pineapple Juice",
          "IsAvailable": true,
          "AgeRestricted": false,
          "DisplayQuantity": 1,
          "RichDescription": "",
          "IsDeliveryPass": false,
          "HideWasSavedPrice": false
        }
      ],
      "Name": " Golden Circle Pineapple Juice "
    },
    {
      "Products": [
        {
          "Stockcode": 155618,
          "CupPrice": 1.8,
          "CupMeasure": "1L",
          "CupString": "$1.80 / 1L",
          "HasCupPrice": true,
          "Price": 3.59,
          "Name": "Golden Circle Breakfast Juice",
          "UrlFriendlyName": "golden-circle-breakfast-juice",
          "Description": " Golden Circle Breakfast<br>Juice 2l",
          "SmallImageFile": "/Content/wowProductImages/small/155618.jpg",
          "MediumImageFile": "/Content/wowProductImages/medium/155618.jpg",
          "LargeImageFile": "/Content/wowProductImages/medium/155618.jpg",
          "IsOnSpecial": false,
          "IsEdrSpecial": false,
          "SavingsAmount": 0.00,
          "WasPrice": 3.59,
          "QuantityInTrolley": 0,
          "Unit": "Each",
          "MinimumQuantity": 1,
          "IsInTrolley": false,
          "Source": "SearchProducts",
          "SupplyLimit": 36,
          "PackageSize": "2l",
          "IsPmDelivery": false,
          "IsForCollection": true,
          "IsForDelivery": true,
          "ImageTag": {
            "TagContent": "/Content/PromotionTags/final-aus-made.png",
            "TagLink": "/Shop/ProductGroup/35385",
            "FallbackText": "AUSTRALIAN MADE",
            "TagType": "None"
          },
          "CentreTag": {
            "TagContent": "<a title=\"2 for 5.000\" href=\"/Shop/ProductGroup/161202\"><span style=\"COLOR: #e2001a\">2 for $5.00</span> $1.25/1L</a>",
            "TagLink": null,
            "FallbackText": null,
            "TagType": "Html"
          },
          "FooterTag": {
            "TagContent": null,
            "TagLink": null,
            "FallbackText": null,
            "TagType": "None"
          },
          "IsCentreTag": true,
          "IsFooterEnabled": false,
          "UnitWeightInGrams": 2148,
          "SupplyLimitMessage": "'Golden Circle Breakfast Juice' has a supply limit of 36. The quantity in your trolley has been reduced accordingly. To purchase a larger quantity, please contact us on 1800 000 610, or e-mail us at shoponline@woolworths.com.au. Please note - we do not supply trade orders.",
          "SmallFormatDescription": "Golden Circle Breakfast Juice",
          "IsAvailable": true,
          "AgeRestricted": false,
          "DisplayQuantity": 1,
          "RichDescription": "",
          "IsDeliveryPass": false,
          "HideWasSavedPrice": false
        }
      ],
      "Name": " Golden Circle Breakfast Juice "
    },
    {
      "Products": [
        {
          "Stockcode": 766004,
          "CupPrice": 2.19,
          "CupMeasure": "1L",
          "CupString": "$2.19 / 1L",
          "HasCupPrice": true,
          "Price": 2.19,
          "Name": "Golden Circle Forest Fruit Drink",
          "UrlFriendlyName": "golden-circle-forest-fruit-drink",
          "Description": " Golden Circle Forest Fruit<br>Drink 1l",
          "SmallImageFile": "/Content/wowProductImages/small/766004.jpg",
          "MediumImageFile": "/Content/wowProductImages/medium/766004.jpg",
          "LargeImageFile": "/Content/wowProductImages/medium/766004.jpg",
          "IsOnSpecial": false,
          "IsEdrSpecial": false,
          "SavingsAmount": 0.00,
          "WasPrice": 2.19,
          "QuantityInTrolley": 0,
          "Unit": "Each",
          "MinimumQuantity": 1,
          "IsInTrolley": false,
          "Source": "SearchProducts",
          "SupplyLimit": 36,
          "PackageSize": "1l",
          "IsPmDelivery": false,
          "IsForCollection": true,
          "IsForDelivery": true,
          "ImageTag": {
            "TagContent": "/Content/PromotionTags/final-edr-card.png",
            "TagLink": null,
            "FallbackText": null,
            "TagType": "None"
          },
          "CentreTag": {
            "TagContent": null,
            "TagLink": null,
            "FallbackText": null,
            "TagType": "None"
          },
          "FooterTag": {
            "TagContent": "<div class=\"productTag-earnDollars\" style=\"color:#fff;height:46px;position:absolute;top:-2px;left:0;width:100%;background-image:linear-gradient(to bottom, #E9670B 0%, #C04722 50%);font-weight:bold;line-height: 1;\"><div class=\"vertical-align\" style=\"left:3.5%;text-align:center;\"><div class=\"earn-text\" style=\"font-size:168%;line-height:19px;margin-top:4px;\">EARN</div><div style=\"line-height:14px;\"><img src=\"/Images/ProductTag/icon-wapple-white.png\" width=\"12\" height=\"12\" alt=\"Woolworths\" style=\"margin: 2px 3px 0;display:inline-block;float:left;\"><span style=\"font-size:75%;\">DOLLARS</span></div></div><div class=\"vertical-align\" style=\"right:4.5%;text-align:right;\"><div style=\"font-size:137%;letter-spacing:0.5px;\">$1.10</div><div style=\"font-size:75%; margin-top: 2%;\">WITH CARD</div></div></div><style>.productTag-earnDollars{font-size:16px;}.cardViewCompact .productTag-earnDollars{font-size:14px;}.cardViewCompact .withIcon .productTag-earnDollars{font-size:13px;}</style>",
            "TagLink": "/Shop/ProductGroup/162092",
            "FallbackText": null,
            "TagType": "Html"
          },
          "IsCentreTag": false,
          "IsFooterEnabled": true,
          "UnitWeightInGrams": 1050,
          "SupplyLimitMessage": "'Golden Circle Forest Fruit Drink' has a supply limit of 36. The quantity in your trolley has been reduced accordingly. To purchase a larger quantity, please contact us on 1800 000 610, or e-mail us at shoponline@woolworths.com.au. Please note - we do not supply trade orders.",
          "SmallFormatDescription": "Golden Circle Forest Fruit Drink",
          "IsAvailable": true,
          "AgeRestricted": false,
          "DisplayQuantity": 1,
          "RichDescription": "",
          "IsDeliveryPass": false,
          "HideWasSavedPrice": false
        }
      ],
      "Name": " Golden Circle Forest Fruit<br>Drink "
    },
    {
      "Products": [
        {
          "Stockcode": 67058,
          "CupPrice": 1.8,
          "CupMeasure": "1L",
          "CupString": "$1.80 / 1L",
          "HasCupPrice": true,
          "Price": 3.59,
          "Name": "Golden Circle Tropical Fruit Juice",
          "UrlFriendlyName": "golden-circle-tropical-fruit-juice",
          "Description": " Golden Circle Tropical Fruit<br>Juice 2l",
          "SmallImageFile": "/Content/wowProductImages/small/067058.jpg",
          "MediumImageFile": "/Content/wowProductImages/medium/067058.jpg",
          "LargeImageFile": "/Content/wowProductImages/medium/067058.jpg",
          "IsOnSpecial": false,
          "IsEdrSpecial": false,
          "SavingsAmount": 0.00,
          "WasPrice": 3.59,
          "QuantityInTrolley": 0,
          "Unit": "Each",
          "MinimumQuantity": 1,
          "IsInTrolley": false,
          "Source": "SearchProducts",
          "SupplyLimit": 36,
          "PackageSize": "2l",
          "IsPmDelivery": false,
          "IsForCollection": true,
          "IsForDelivery": true,
          "ImageTag": {
            "TagContent": "/Content/PromotionTags/final-aus-made.png",
            "TagLink": "/Shop/ProductGroup/35385",
            "FallbackText": "AUSTRALIAN MADE",
            "TagType": "None"
          },
          "CentreTag": {
            "TagContent": "<a title=\"2 for 5.000\" href=\"/Shop/ProductGroup/161202\"><span style=\"COLOR: #e2001a\">2 for $5.00</span> $1.25/1L</a>",
            "TagLink": null,
            "FallbackText": null,
            "TagType": "Html"
          },
          "FooterTag": {
            "TagContent": null,
            "TagLink": null,
            "FallbackText": null,
            "TagType": "None"
          },
          "IsCentreTag": true,
          "IsFooterEnabled": false,
          "UnitWeightInGrams": 2146,
          "SupplyLimitMessage": "'Golden Circle Tropical Fruit Juice' has a supply limit of 36. The quantity in your trolley has been reduced accordingly. To purchase a larger quantity, please contact us on 1800 000 610, or e-mail us at shoponline@woolworths.com.au. Please note - we do not supply trade orders.",
          "SmallFormatDescription": "Golden Circle Tropical Fruit Juice",
          "IsAvailable": true,
          "AgeRestricted": false,
          "DisplayQuantity": 1,
          "RichDescription": "",
          "IsDeliveryPass": false,
          "HideWasSavedPrice": false
        }
      ],
      "Name": " Golden Circle Tropical Fruit<br>Juice "
    },
    {
      "Products": [
        {
          "Stockcode": 67060,
          "CupPrice": 1.8,
          "CupMeasure": "1L",
          "CupString": "$1.80 / 1L",
          "HasCupPrice": true,
          "Price": 3.59,
          "Name": "Golden Circle Apple Juice",
          "UrlFriendlyName": "golden-circle-apple-juice",
          "Description": " Golden Circle Apple Juice 2l",
          "SmallImageFile": "/Content/wowProductImages/small/067060.jpg",
          "MediumImageFile": "/Content/wowProductImages/medium/067060.jpg",
          "LargeImageFile": "/Content/wowProductImages/medium/067060.jpg",
          "IsOnSpecial": false,
          "IsEdrSpecial": false,
          "SavingsAmount": 0.00,
          "WasPrice": 3.59,
          "QuantityInTrolley": 0,
          "Unit": "Each",
          "MinimumQuantity": 1,
          "IsInTrolley": false,
          "Source": "SearchProducts",
          "SupplyLimit": 36,
          "PackageSize": "2l",
          "IsPmDelivery": false,
          "IsForCollection": true,
          "IsForDelivery": true,
          "ImageTag": {
            "TagContent": null,
            "TagLink": null,
            "FallbackText": "",
            "TagType": "None"
          },
          "CentreTag": {
            "TagContent": "<a title=\"2 for 5.000\" href=\"/Shop/ProductGroup/161202\"><span style=\"COLOR: #e2001a\">2 for $5.00</span> $1.25/1L</a>",
            "TagLink": null,
            "FallbackText": null,
            "TagType": "Html"
          },
          "FooterTag": {
            "TagContent": null,
            "TagLink": null,
            "FallbackText": null,
            "TagType": "None"
          },
          "IsCentreTag": true,
          "IsFooterEnabled": false,
          "UnitWeightInGrams": 2148,
          "SupplyLimitMessage": "'Golden Circle Apple Juice' has a supply limit of 36. The quantity in your trolley has been reduced accordingly. To purchase a larger quantity, please contact us on 1800 000 610, or e-mail us at shoponline@woolworths.com.au. Please note - we do not supply trade orders.",
          "SmallFormatDescription": "Golden Circle Apple Juice",
          "IsAvailable": true,
          "AgeRestricted": false,
          "DisplayQuantity": 1,
          "RichDescription": "",
          "IsDeliveryPass": false,
          "HideWasSavedPrice": false
        }
      ],
      "Name": " Golden Circle Apple Juice "
    },
    {
      "Products": [
        {
          "Stockcode": 786697,
          "CupPrice": 2.39,
          "CupMeasure": "1L",
          "CupString": "$2.39 / 1L",
          "HasCupPrice": true,
          "Price": 2.39,
          "Name": "Golden Circle Tomato Juice",
          "UrlFriendlyName": "golden-circle-tomato-juice",
          "Description": " Golden Circle Tomato Juice 1l",
          "SmallImageFile": "/Content/wowProductImages/small/786697.JPG",
          "MediumImageFile": "/Content/wowProductImages/medium/786697.JPG",
          "LargeImageFile": "/Content/wowProductImages/medium/786697.JPG",
          "IsOnSpecial": false,
          "IsEdrSpecial": false,
          "SavingsAmount": 0.00,
          "WasPrice": 2.39,
          "QuantityInTrolley": 0,
          "Unit": "Each",
          "MinimumQuantity": 1,
          "IsInTrolley": false,
          "Source": "SearchProducts",
          "SupplyLimit": 36,
          "PackageSize": "1l",
          "IsPmDelivery": false,
          "IsForCollection": true,
          "IsForDelivery": true,
          "ImageTag": {
            "TagContent": null,
            "TagLink": null,
            "FallbackText": "",
            "TagType": "None"
          },
          "CentreTag": {
            "TagContent": null,
            "TagLink": null,
            "FallbackText": null,
            "TagType": "None"
          },
          "FooterTag": {
            "TagContent": null,
            "TagLink": null,
            "FallbackText": null,
            "TagType": "None"
          },
          "IsCentreTag": false,
          "IsFooterEnabled": false,
          "UnitWeightInGrams": 1078,
          "SupplyLimitMessage": "'Golden Circle Tomato Juice' has a supply limit of 36. The quantity in your trolley has been reduced accordingly. To purchase a larger quantity, please contact us on 1800 000 610, or e-mail us at shoponline@woolworths.com.au. Please note - we do not supply trade orders.",
          "SmallFormatDescription": "Golden Circle Tomato Juice",
          "IsAvailable": true,
          "AgeRestricted": false,
          "DisplayQuantity": 1,
          "RichDescription": "",
          "IsDeliveryPass": false,
          "HideWasSavedPrice": false
        }
      ],
      "Name": " Golden Circle Tomato Juice "
    },
    {
      "Products": [
        {
          "Stockcode": 67057,
          "CupPrice": 1.8,
          "CupMeasure": "1L",
          "CupString": "$1.80 / 1L",
          "HasCupPrice": true,
          "Price": 3.59,
          "Name": "Golden Circle Apple & Mango Juice",
          "UrlFriendlyName": "golden-circle-apple-mango-juice",
          "Description": " Golden Circle Apple & Mango<br>Juice 2l",
          "SmallImageFile": "/Content/wowProductImages/small/067057.jpg",
          "MediumImageFile": "/Content/wowProductImages/medium/067057.jpg",
          "LargeImageFile": "/Content/wowProductImages/medium/067057.jpg",
          "IsOnSpecial": false,
          "IsEdrSpecial": false,
          "SavingsAmount": 0.00,
          "WasPrice": 3.59,
          "QuantityInTrolley": 0,
          "Unit": "Each",
          "MinimumQuantity": 1,
          "IsInTrolley": false,
          "Source": "SearchProducts",
          "SupplyLimit": 36,
          "PackageSize": "2l",
          "IsPmDelivery": false,
          "IsForCollection": true,
          "IsForDelivery": true,
          "ImageTag": {
            "TagContent": "/Content/PromotionTags/final-aus-made.png",
            "TagLink": "/Shop/ProductGroup/35385",
            "FallbackText": "AUSTRALIAN MADE",
            "TagType": "None"
          },
          "CentreTag": {
            "TagContent": "<a title=\"2 for 5.000\" href=\"/Shop/ProductGroup/161202\"><span style=\"COLOR: #e2001a\">2 for $5.00</span> $1.25/1L</a>",
            "TagLink": null,
            "FallbackText": null,
            "TagType": "Html"
          },
          "FooterTag": {
            "TagContent": null,
            "TagLink": null,
            "FallbackText": null,
            "TagType": "None"
          },
          "IsCentreTag": true,
          "IsFooterEnabled": false,
          "UnitWeightInGrams": 2148,
          "SupplyLimitMessage": "'Golden Circle Apple & Mango Juice' has a supply limit of 36. The quantity in your trolley has been reduced accordingly. To purchase a larger quantity, please contact us on 1800 000 610, or e-mail us at shoponline@woolworths.com.au. Please note - we do not supply trade orders.",
          "SmallFormatDescription": "Golden Circle Apple & Mango Juice",
          "IsAvailable": true,
          "AgeRestricted": false,
          "DisplayQuantity": 1,
          "RichDescription": "",
          "IsDeliveryPass": false,
          "HideWasSavedPrice": false
        }
      ],
      "Name": " Golden Circle Apple & Mango<br>Juice "
    },
    {
      "Products": [
        {
          "Stockcode": 787164,
          "CupPrice": 1.8,
          "CupMeasure": "1L",
          "CupString": "$1.80 / 1L",
          "HasCupPrice": true,
          "Price": 3.59,
          "Name": "Golden Circle Apple & Blackcurrant Fruit Drink",
          "UrlFriendlyName": "golden-circle-apple-blackcurrant-fruit-drink",
          "Description": " Golden Circle Apple &<br>Blackcurrant Fruit... 2l",
          "SmallImageFile": "/Content/wowProductImages/small/787164.JPG",
          "MediumImageFile": "/Content/wowProductImages/medium/787164.JPG",
          "LargeImageFile": "/Content/wowProductImages/medium/787164.JPG",
          "IsOnSpecial": false,
          "IsEdrSpecial": false,
          "SavingsAmount": 0.00,
          "WasPrice": 3.59,
          "QuantityInTrolley": 0,
          "Unit": "Each",
          "MinimumQuantity": 1,
          "IsInTrolley": false,
          "Source": "SearchProducts",
          "SupplyLimit": 36,
          "PackageSize": "2l",
          "IsPmDelivery": false,
          "IsForCollection": true,
          "IsForDelivery": true,
          "ImageTag": {
            "TagContent": "/Content/PromotionTags/final-aus-made.png",
            "TagLink": "/Shop/ProductGroup/35385",
            "FallbackText": "AUSTRALIAN MADE",
            "TagType": "None"
          },
          "CentreTag": {
            "TagContent": "<a title=\"2 for 5.000\" href=\"/Shop/ProductGroup/161202\"><span style=\"COLOR: #e2001a\">2 for $5.00</span> $1.25/1L</a>",
            "TagLink": null,
            "FallbackText": null,
            "TagType": "Html"
          },
          "FooterTag": {
            "TagContent": null,
            "TagLink": null,
            "FallbackText": null,
            "TagType": "None"
          },
          "IsCentreTag": true,
          "IsFooterEnabled": false,
          "UnitWeightInGrams": 2146,
          "SupplyLimitMessage": "'Golden Circle Apple & Blackcurrant Fruit Drink' has a supply limit of 36. The quantity in your trolley has been reduced accordingly. To purchase a larger quantity, please contact us on 1800 000 610, or e-mail us at shoponline@woolworths.com.au. Please note - we do not supply trade orders.",
          "SmallFormatDescription": "Golden Circle Apple & Blackcurrant Fruit Drink",
          "IsAvailable": true,
          "AgeRestricted": false,
          "DisplayQuantity": 1,
          "RichDescription": "",
          "IsDeliveryPass": false,
          "HideWasSavedPrice": false
        }
      ],
      "Name": " Golden Circle Apple &<br>Blackcurrant Fruit Drink "
    },
    {
      "Products": [
        {
          "Stockcode": 787176,
          "CupPrice": 1.8,
          "CupMeasure": "1L",
          "CupString": "$1.80 / 1L",
          "HasCupPrice": true,
          "Price": 3.59,
          "Name": "Golden Circle Pear Apple & Raspberry Fruit Drink",
          "UrlFriendlyName": "golden-circle-pear-apple-raspberry-fruit-drink",
          "Description": " Golden Circle Pear Apple &<br>Raspberry Fruit Drink 2l",
          "SmallImageFile": "/Content/wowProductImages/small/787176.JPG",
          "MediumImageFile": "/Content/wowProductImages/medium/787176.JPG",
          "LargeImageFile": "/Content/wowProductImages/medium/787176.JPG",
          "IsOnSpecial": false,
          "IsEdrSpecial": false,
          "SavingsAmount": 0.00,
          "WasPrice": 3.59,
          "QuantityInTrolley": 0,
          "Unit": "Each",
          "MinimumQuantity": 1,
          "IsInTrolley": false,
          "Source": "SearchProducts",
          "SupplyLimit": 36,
          "PackageSize": "2l",
          "IsPmDelivery": false,
          "IsForCollection": true,
          "IsForDelivery": true,
          "ImageTag": {
            "TagContent": "/Content/PromotionTags/final-aus-made.png",
            "TagLink": "/Shop/ProductGroup/35385",
            "FallbackText": "AUSTRALIAN MADE",
            "TagType": "None"
          },
          "CentreTag": {
            "TagContent": "<a title=\"2 for 5.000\" href=\"/Shop/ProductGroup/161202\"><span style=\"COLOR: #e2001a\">2 for $5.00</span> $1.25/1L</a>",
            "TagLink": null,
            "FallbackText": null,
            "TagType": "Html"
          },
          "FooterTag": {
            "TagContent": null,
            "TagLink": null,
            "FallbackText": null,
            "TagType": "None"
          },
          "IsCentreTag": true,
          "IsFooterEnabled": false,
          "UnitWeightInGrams": 2148,
          "SupplyLimitMessage": "'Golden Circle Pear Apple & Raspberry Fruit Drink' has a supply limit of 36. The quantity in your trolley has been reduced accordingly. To purchase a larger quantity, please contact us on 1800 000 610, or e-mail us at shoponline@woolworths.com.au. Please note - we do not supply trade orders.",
          "SmallFormatDescription": "Golden Circle Pear Apple & Raspberry Fruit Drink",
          "IsAvailable": true,
          "AgeRestricted": false,
          "DisplayQuantity": 1,
          "RichDescription": "",
          "IsDeliveryPass": false,
          "HideWasSavedPrice": false
        }
      ],
      "Name": " Golden Circle Pear Apple &<br>Raspberry Fruit Drink "
    },
    {
      "Products": [
        {
          "Stockcode": 786584,
          "CupPrice": 2.75,
          "CupMeasure": "1L",
          "CupString": "$2.75 / 1L",
          "HasCupPrice": true,
          "Price": 2.75,
          "Name": "Golden Circle Banana & Mango Nectar Fruit Drink",
          "UrlFriendlyName": "golden-circle-banana-mango-nectar-fruit-drink",
          "Description": " Golden Circle Banana & Mango<br>Nectar Fruit Drink 1l",
          "SmallImageFile": "/Content/wowProductImages/small/786584.jpg",
          "MediumImageFile": "/Content/wowProductImages/medium/786584.jpg",
          "LargeImageFile": "/Content/wowProductImages/medium/786584.jpg",
          "IsOnSpecial": false,
          "IsEdrSpecial": false,
          "SavingsAmount": 0.00,
          "WasPrice": 2.75,
          "QuantityInTrolley": 0,
          "Unit": "Each",
          "MinimumQuantity": 1,
          "IsInTrolley": false,
          "Source": "SearchProducts",
          "SupplyLimit": 36,
          "PackageSize": "1l",
          "IsPmDelivery": false,
          "IsForCollection": true,
          "IsForDelivery": true,
          "ImageTag": {
            "TagContent": "/Content/PromotionTags/final-aus-made.png",
            "TagLink": "/Shop/ProductGroup/35385",
            "FallbackText": "AUSTRALIAN MADE",
            "TagType": "None"
          },
          "CentreTag": {
            "TagContent": null,
            "TagLink": null,
            "FallbackText": null,
            "TagType": "None"
          },
          "FooterTag": {
            "TagContent": null,
            "TagLink": null,
            "FallbackText": null,
            "TagType": "None"
          },
          "IsCentreTag": false,
          "IsFooterEnabled": false,
          "UnitWeightInGrams": 1078,
          "SupplyLimitMessage": "'Golden Circle Banana & Mango Nectar Fruit Drink' has a supply limit of 36. The quantity in your trolley has been reduced accordingly. To purchase a larger quantity, please contact us on 1800 000 610, or e-mail us at shoponline@woolworths.com.au. Please note - we do not supply trade orders.",
          "SmallFormatDescription": "Golden Circle Banana & Mango Nectar Fruit Drink",
          "IsAvailable": true,
          "AgeRestricted": false,
          "DisplayQuantity": 1,
          "RichDescription": "",
          "IsDeliveryPass": false,
          "HideWasSavedPrice": false
        }
      ],
      "Name": " Golden Circle Banana & Mango<br>Nectar Fruit Drink "
    },
    {
      "Products": [
        {
          "Stockcode": 786550,
          "CupPrice": 2.75,
          "CupMeasure": "1L",
          "CupString": "$2.75 / 1L",
          "HasCupPrice": true,
          "Price": 2.75,
          "Name": "Golden Circle Pear Nectar Fruit Drink",
          "UrlFriendlyName": "golden-circle-pear-nectar-fruit-drink",
          "Description": " Golden Circle Pear Nectar<br>Fruit Drink 1l",
          "SmallImageFile": "/Content/wowProductImages/small/786550.jpg",
          "MediumImageFile": "/Content/wowProductImages/medium/786550.jpg",
          "LargeImageFile": "/Content/wowProductImages/medium/786550.jpg",
          "IsOnSpecial": false,
          "IsEdrSpecial": false,
          "SavingsAmount": 0.00,
          "WasPrice": 2.75,
          "QuantityInTrolley": 0,
          "Unit": "Each",
          "MinimumQuantity": 1,
          "IsInTrolley": false,
          "Source": "SearchProducts",
          "SupplyLimit": 36,
          "PackageSize": "1l",
          "IsPmDelivery": false,
          "IsForCollection": true,
          "IsForDelivery": true,
          "ImageTag": {
            "TagContent": "/Content/PromotionTags/final-aus-made.png",
            "TagLink": "/Shop/ProductGroup/35385",
            "FallbackText": "AUSTRALIAN MADE",
            "TagType": "None"
          },
          "CentreTag": {
            "TagContent": null,
            "TagLink": null,
            "FallbackText": null,
            "TagType": "None"
          },
          "FooterTag": {
            "TagContent": null,
            "TagLink": null,
            "FallbackText": null,
            "TagType": "None"
          },
          "IsCentreTag": false,
          "IsFooterEnabled": false,
          "UnitWeightInGrams": 1078,
          "SupplyLimitMessage": "'Golden Circle Pear Nectar Fruit Drink' has a supply limit of 36. The quantity in your trolley has been reduced accordingly. To purchase a larger quantity, please contact us on 1800 000 610, or e-mail us at shoponline@woolworths.com.au. Please note - we do not supply trade orders.",
          "SmallFormatDescription": "Golden Circle Pear Nectar Fruit Drink",
          "IsAvailable": true,
          "AgeRestricted": false,
          "DisplayQuantity": 1,
          "RichDescription": "",
          "IsDeliveryPass": false,
          "HideWasSavedPrice": false
        }
      ],
      "Name": " Golden Circle Pear Nectar<br>Fruit Drink "
    },
    {
      "Products": [
        {
          "Stockcode": 786581,
          "CupPrice": 2.75,
          "CupMeasure": "1L",
          "CupString": "$2.75 / 1L",
          "HasCupPrice": true,
          "Price": 2.75,
          "Name": "Golden Circle Guava Nectar Fruit Drink",
          "UrlFriendlyName": "golden-circle-guava-nectar-fruit-drink",
          "Description": " Golden Circle Guava Nectar<br>Fruit Drink 1l",
          "SmallImageFile": "/Content/wowProductImages/small/786581.jpg",
          "MediumImageFile": "/Content/wowProductImages/medium/786581.jpg",
          "LargeImageFile": "/Content/wowProductImages/medium/786581.jpg",
          "IsOnSpecial": false,
          "IsEdrSpecial": false,
          "SavingsAmount": 0.00,
          "WasPrice": 2.75,
          "QuantityInTrolley": 0,
          "Unit": "Each",
          "MinimumQuantity": 1,
          "IsInTrolley": false,
          "Source": "SearchProducts",
          "SupplyLimit": 36,
          "PackageSize": "1l",
          "IsPmDelivery": false,
          "IsForCollection": true,
          "IsForDelivery": true,
          "ImageTag": {
            "TagContent": null,
            "TagLink": null,
            "FallbackText": "",
            "TagType": "None"
          },
          "CentreTag": {
            "TagContent": null,
            "TagLink": null,
            "FallbackText": null,
            "TagType": "None"
          },
          "FooterTag": {
            "TagContent": null,
            "TagLink": null,
            "FallbackText": null,
            "TagType": "None"
          },
          "IsCentreTag": false,
          "IsFooterEnabled": false,
          "UnitWeightInGrams": 1076,
          "SupplyLimitMessage": "'Golden Circle Guava Nectar Fruit Drink' has a supply limit of 36. The quantity in your trolley has been reduced accordingly. To purchase a larger quantity, please contact us on 1800 000 610, or e-mail us at shoponline@woolworths.com.au. Please note - we do not supply trade orders.",
          "SmallFormatDescription": "Golden Circle Guava Nectar Fruit Drink",
          "IsAvailable": true,
          "AgeRestricted": false,
          "DisplayQuantity": 1,
          "RichDescription": "",
          "IsDeliveryPass": false,
          "HideWasSavedPrice": false
        }
      ],
      "Name": " Golden Circle Guava Nectar<br>Fruit Drink "
    },
    {
      "Products": [
        {
          "Stockcode": 15720,
          "CupPrice": 1.8,
          "CupMeasure": "1L",
          "CupString": "$1.80 / 1L",
          "HasCupPrice": true,
          "Price": 3.59,
          "Name": "Golden Circle Mango Nectar Fruit Drink",
          "UrlFriendlyName": "golden-circle-mango-nectar-fruit-drink",
          "Description": " Golden Circle Mango Nectar<br>Fruit Drink 2l",
          "SmallImageFile": "/Content/wowProductImages/small/015720.jpg",
          "MediumImageFile": "/Content/wowProductImages/medium/015720.jpg",
          "LargeImageFile": "/Content/wowProductImages/medium/015720.jpg",
          "IsOnSpecial": false,
          "IsEdrSpecial": false,
          "SavingsAmount": 0.00,
          "WasPrice": 3.59,
          "QuantityInTrolley": 0,
          "Unit": "Each",
          "MinimumQuantity": 1,
          "IsInTrolley": false,
          "Source": "SearchProducts",
          "SupplyLimit": 36,
          "PackageSize": "2l",
          "IsPmDelivery": false,
          "IsForCollection": true,
          "IsForDelivery": true,
          "ImageTag": {
            "TagContent": "/Content/PromotionTags/final-aus-made.png",
            "TagLink": "/Shop/ProductGroup/35385",
            "FallbackText": "AUSTRALIAN MADE",
            "TagType": "None"
          },
          "CentreTag": {
            "TagContent": "<a title=\"2 for 5.000\" href=\"/Shop/ProductGroup/161202\"><span style=\"COLOR: #e2001a\">2 for $5.00</span> $1.25/1L</a>",
            "TagLink": null,
            "FallbackText": null,
            "TagType": "Html"
          },
          "FooterTag": {
            "TagContent": null,
            "TagLink": null,
            "FallbackText": null,
            "TagType": "None"
          },
          "IsCentreTag": true,
          "IsFooterEnabled": false,
          "UnitWeightInGrams": 2148,
          "SupplyLimitMessage": "'Golden Circle Mango Nectar Fruit Drink' has a supply limit of 36. The quantity in your trolley has been reduced accordingly. To purchase a larger quantity, please contact us on 1800 000 610, or e-mail us at shoponline@woolworths.com.au. Please note - we do not supply trade orders.",
          "SmallFormatDescription": "Golden Circle Mango Nectar Fruit Drink",
          "IsAvailable": true,
          "AgeRestricted": false,
          "DisplayQuantity": 1,
          "RichDescription": "",
          "IsDeliveryPass": false,
          "HideWasSavedPrice": false
        }
      ],
      "Name": " Golden Circle Mango Nectar<br>Fruit Drink "
    },
    {
      "Products": [
        {
          "Stockcode": 104407,
          "CupPrice": 1.8,
          "CupMeasure": "1L",
          "CupString": "$1.80 / 1L",
          "HasCupPrice": true,
          "Price": 3.59,
          "Name": "Golden Circle Pine Orange Fruit Juice",
          "UrlFriendlyName": "golden-circle-pine-orange-fruit-juice",
          "Description": " Golden Circle Pine Orange<br>Fruit Juice 2l",
          "SmallImageFile": "/Content/wowProductImages/small/104407.jpg",
          "MediumImageFile": "/Content/wowProductImages/medium/104407.jpg",
          "LargeImageFile": "/Content/wowProductImages/medium/104407.jpg",
          "IsOnSpecial": false,
          "IsEdrSpecial": false,
          "SavingsAmount": 0.00,
          "WasPrice": 3.59,
          "QuantityInTrolley": 0,
          "Unit": "Each",
          "MinimumQuantity": 1,
          "IsInTrolley": false,
          "Source": "SearchProducts",
          "SupplyLimit": 36,
          "PackageSize": "2l",
          "IsPmDelivery": false,
          "IsForCollection": true,
          "IsForDelivery": true,
          "ImageTag": {
            "TagContent": "/Content/PromotionTags/final-aus-made.png",
            "TagLink": "/Shop/ProductGroup/35385",
            "FallbackText": "AUSTRALIAN MADE",
            "TagType": "None"
          },
          "CentreTag": {
            "TagContent": "<a title=\"2 for 5.000\" href=\"/Shop/ProductGroup/161202\"><span style=\"COLOR: #e2001a\">2 for $5.00</span> $1.25/1L</a>",
            "TagLink": null,
            "FallbackText": null,
            "TagType": "Html"
          },
          "FooterTag": {
            "TagContent": null,
            "TagLink": null,
            "FallbackText": null,
            "TagType": "None"
          },
          "IsCentreTag": true,
          "IsFooterEnabled": false,
          "UnitWeightInGrams": 2148,
          "SupplyLimitMessage": "'Golden Circle Pine Orange Fruit Juice' has a supply limit of 36. The quantity in your trolley has been reduced accordingly. To purchase a larger quantity, please contact us on 1800 000 610, or e-mail us at shoponline@woolworths.com.au. Please note - we do not supply trade orders.",
          "SmallFormatDescription": "Golden Circle Pine Orange Fruit Juice",
          "IsAvailable": true,
          "AgeRestricted": false,
          "DisplayQuantity": 1,
          "RichDescription": "",
          "IsDeliveryPass": false,
          "HideWasSavedPrice": false
        }
      ],
      "Name": " Golden Circle Pine Orange<br>Fruit Juice "
    },
    {
      "Products": [
        {
          "Stockcode": 787180,
          "CupPrice": 1.8,
          "CupMeasure": "1L",
          "CupString": "$1.80 / 1L",
          "HasCupPrice": true,
          "Price": 3.59,
          "Name": "Golden Circle Orchard Fruits Fruit Drink",
          "UrlFriendlyName": "golden-circle-orchard-fruits-fruit-drink",
          "Description": " Golden Circle Orchard Fruits<br>Fruit Drink 2l",
          "SmallImageFile": "/Content/wowProductImages/small/787180.JPG",
          "MediumImageFile": "/Content/wowProductImages/medium/787180.JPG",
          "LargeImageFile": "/Content/wowProductImages/medium/787180.JPG",
          "IsOnSpecial": false,
          "IsEdrSpecial": false,
          "SavingsAmount": 0.00,
          "WasPrice": 3.59,
          "QuantityInTrolley": 0,
          "Unit": "Each",
          "MinimumQuantity": 1,
          "IsInTrolley": false,
          "Source": "SearchProducts",
          "SupplyLimit": 36,
          "PackageSize": "2l",
          "IsPmDelivery": false,
          "IsForCollection": true,
          "IsForDelivery": true,
          "ImageTag": {
            "TagContent": "/Content/PromotionTags/final-aus-made.png",
            "TagLink": "/Shop/ProductGroup/35385",
            "FallbackText": "AUSTRALIAN MADE",
            "TagType": "None"
          },
          "CentreTag": {
            "TagContent": "<a title=\"2 for 5.000\" href=\"/Shop/ProductGroup/161202\"><span style=\"COLOR: #e2001a\">2 for $5.00</span> $1.25/1L</a>",
            "TagLink": null,
            "FallbackText": null,
            "TagType": "Html"
          },
          "FooterTag": {
            "TagContent": null,
            "TagLink": null,
            "FallbackText": null,
            "TagType": "None"
          },
          "IsCentreTag": true,
          "IsFooterEnabled": false,
          "UnitWeightInGrams": 2146,
          "SupplyLimitMessage": "'Golden Circle Orchard Fruits Fruit Drink' has a supply limit of 36. The quantity in your trolley has been reduced accordingly. To purchase a larger quantity, please contact us on 1800 000 610, or e-mail us at shoponline@woolworths.com.au. Please note - we do not supply trade orders.",
          "SmallFormatDescription": "Golden Circle Orchard Fruits Fruit Drink",
          "IsAvailable": true,
          "AgeRestricted": false,
          "DisplayQuantity": 1,
          "RichDescription": "",
          "IsDeliveryPass": false,
          "HideWasSavedPrice": false
        }
      ],
      "Name": " Golden Circle Orchard Fruits<br>Fruit Drink "
    },
    {
      "Products": [
        {
          "Stockcode": 33981,
          "CupPrice": 2.05,
          "CupMeasure": "1L",
          "CupString": "$2.05 / 1L",
          "HasCupPrice": true,
          "Price": 2.05,
          "Name": "Golden Circle Tropical Punch Fruit Drink",
          "UrlFriendlyName": "golden-circle-tropical-punch-fruit-drink",
          "Description": " Golden Circle Tropical Punch<br>Fruit Drink 1l",
          "SmallImageFile": "/Content/wowProductImages/small/033981.jpg",
          "MediumImageFile": "/Content/wowProductImages/medium/033981.jpg",
          "LargeImageFile": "/Content/wowProductImages/medium/033981.jpg",
          "IsOnSpecial": false,
          "IsEdrSpecial": false,
          "SavingsAmount": 0.00,
          "WasPrice": 2.05,
          "QuantityInTrolley": 0,
          "Unit": "Each",
          "MinimumQuantity": 1,
          "IsInTrolley": false,
          "Source": "SearchProducts",
          "SupplyLimit": 36,
          "PackageSize": "1l",
          "IsPmDelivery": false,
          "IsForCollection": true,
          "IsForDelivery": true,
          "ImageTag": {
            "TagContent": "/Content/PromotionTags/final-edr-card.png",
            "TagLink": null,
            "FallbackText": null,
            "TagType": "None"
          },
          "CentreTag": {
            "TagContent": null,
            "TagLink": null,
            "FallbackText": null,
            "TagType": "None"
          },
          "FooterTag": {
            "TagContent": "<div class=\"productTag-earnDollars\" style=\"color:#fff;height:46px;position:absolute;top:-2px;left:0;width:100%;background-image:linear-gradient(to bottom, #E9670B 0%, #C04722 50%);font-weight:bold;line-height: 1;\"><div class=\"vertical-align\" style=\"left:3.5%;text-align:center;\"><div class=\"earn-text\" style=\"font-size:168%;line-height:19px;margin-top:4px;\">EARN</div><div style=\"line-height:14px;\"><img src=\"/Images/ProductTag/icon-wapple-white.png\" width=\"12\" height=\"12\" alt=\"Woolworths\" style=\"margin: 2px 3px 0;display:inline-block;float:left;\"><span style=\"font-size:75%;\">DOLLARS</span></div></div><div class=\"vertical-align\" style=\"right:4.5%;text-align:right;\"><div style=\"font-size:137%;letter-spacing:0.5px;\">$1.00</div><div style=\"font-size:75%; margin-top: 2%;\">WITH CARD</div></div></div><style>.productTag-earnDollars{font-size:16px;}.cardViewCompact .productTag-earnDollars{font-size:14px;}.cardViewCompact .withIcon .productTag-earnDollars{font-size:13px;}</style>",
            "TagLink": "/Shop/ProductGroup/162037",
            "FallbackText": null,
            "TagType": "Html"
          },
          "IsCentreTag": false,
          "IsFooterEnabled": true,
          "UnitWeightInGrams": 1072,
          "SupplyLimitMessage": "'Golden Circle Tropical Punch Fruit Drink' has a supply limit of 36. The quantity in your trolley has been reduced accordingly. To purchase a larger quantity, please contact us on 1800 000 610, or e-mail us at shoponline@woolworths.com.au. Please note - we do not supply trade orders.",
          "SmallFormatDescription": "Golden Circle Tropical Punch Fruit Drink",
          "IsAvailable": true,
          "AgeRestricted": false,
          "DisplayQuantity": 1,
          "RichDescription": "",
          "IsDeliveryPass": false,
          "HideWasSavedPrice": false
        }
      ],
      "Name": " Golden Circle Tropical Punch<br>Fruit Drink "
    },
    {
      "Products": [
        {
          "Stockcode": 786547,
          "CupPrice": 2.75,
          "CupMeasure": "1L",
          "CupString": "$2.75 / 1L",
          "HasCupPrice": true,
          "Price": 2.75,
          "Name": "Golden Circle Apricot Nectar Fruit Drink",
          "UrlFriendlyName": "golden-circle-apricot-nectar-fruit-drink",
          "Description": " Golden Circle Apricot Nectar<br>Fruit Drink 1l",
          "SmallImageFile": "/Content/wowProductImages/small/786547.jpg",
          "MediumImageFile": "/Content/wowProductImages/medium/786547.jpg",
          "LargeImageFile": "/Content/wowProductImages/medium/786547.jpg",
          "IsOnSpecial": false,
          "IsEdrSpecial": false,
          "SavingsAmount": 0.00,
          "WasPrice": 2.75,
          "QuantityInTrolley": 0,
          "Unit": "Each",
          "MinimumQuantity": 1,
          "IsInTrolley": false,
          "Source": "SearchProducts",
          "SupplyLimit": 36,
          "PackageSize": "1l",
          "IsPmDelivery": false,
          "IsForCollection": true,
          "IsForDelivery": true,
          "ImageTag": {
            "TagContent": null,
            "TagLink": null,
            "FallbackText": "",
            "TagType": "None"
          },
          "CentreTag": {
            "TagContent": null,
            "TagLink": null,
            "FallbackText": null,
            "TagType": "None"
          },
          "FooterTag": {
            "TagContent": null,
            "TagLink": null,
            "FallbackText": null,
            "TagType": "None"
          },
          "IsCentreTag": false,
          "IsFooterEnabled": false,
          "UnitWeightInGrams": 1078,
          "SupplyLimitMessage": "'Golden Circle Apricot Nectar Fruit Drink' has a supply limit of 36. The quantity in your trolley has been reduced accordingly. To purchase a larger quantity, please contact us on 1800 000 610, or e-mail us at shoponline@woolworths.com.au. Please note - we do not supply trade orders.",
          "SmallFormatDescription": "Golden Circle Apricot Nectar Fruit Drink",
          "IsAvailable": true,
          "AgeRestricted": false,
          "DisplayQuantity": 1,
          "RichDescription": "",
          "IsDeliveryPass": false,
          "HideWasSavedPrice": false
        }
      ],
      "Name": " Golden Circle Apricot Nectar<br>Fruit Drink "
    },
    {
      "Products": [
        {
          "Stockcode": 67056,
          "CupPrice": 1.8,
          "CupMeasure": "1L",
          "CupString": "$1.80 / 1L",
          "HasCupPrice": true,
          "Price": 3.59,
          "Name": "Golden Circle Orange Juice",
          "UrlFriendlyName": "golden-circle-orange-juice",
          "Description": " Golden Circle Orange Juice 2l",
          "SmallImageFile": "/Content/wowProductImages/small/067056.jpg",
          "MediumImageFile": "/Content/wowProductImages/medium/067056.jpg",
          "LargeImageFile": "/Content/wowProductImages/medium/067056.jpg",
          "IsOnSpecial": false,
          "IsEdrSpecial": false,
          "SavingsAmount": 0.00,
          "WasPrice": 3.59,
          "QuantityInTrolley": 0,
          "Unit": "Each",
          "MinimumQuantity": 1,
          "IsInTrolley": false,
          "Source": "SearchProducts",
          "SupplyLimit": 36,
          "PackageSize": "2l",
          "IsPmDelivery": false,
          "IsForCollection": true,
          "IsForDelivery": true,
          "ImageTag": {
            "TagContent": null,
            "TagLink": null,
            "FallbackText": "",
            "TagType": "None"
          },
          "CentreTag": {
            "TagContent": "<a title=\"2 for 5.000\" href=\"/Shop/ProductGroup/161202\"><span style=\"COLOR: #e2001a\">2 for $5.00</span> $1.25/1L</a>",
            "TagLink": null,
            "FallbackText": null,
            "TagType": "Html"
          },
          "FooterTag": {
            "TagContent": null,
            "TagLink": null,
            "FallbackText": null,
            "TagType": "None"
          },
          "IsCentreTag": true,
          "IsFooterEnabled": false,
          "UnitWeightInGrams": 2148,
          "SupplyLimitMessage": "'Golden Circle Orange Juice' has a supply limit of 36. The quantity in your trolley has been reduced accordingly. To purchase a larger quantity, please contact us on 1800 000 610, or e-mail us at shoponline@woolworths.com.au. Please note - we do not supply trade orders.",
          "SmallFormatDescription": "Golden Circle Orange Juice",
          "IsAvailable": true,
          "AgeRestricted": false,
          "DisplayQuantity": 1,
          "RichDescription": "",
          "IsDeliveryPass": false,
          "HideWasSavedPrice": false
        }
      ],
      "Name": " Golden Circle Orange Juice "
    },
    {
      "Products": [
        {
          "Stockcode": 787165,
          "CupPrice": 1.8,
          "CupMeasure": "1L",
          "CupString": "$1.80 / 1L",
          "HasCupPrice": true,
          "Price": 3.59,
          "Name": "Golden Circle Orange & Mango Fruit Drink",
          "UrlFriendlyName": "golden-circle-orange-mango-fruit-drink",
          "Description": " Golden Circle Orange & Mango<br>Fruit Drink 2l",
          "SmallImageFile": "/Content/wowProductImages/small/787165.JPG",
          "MediumImageFile": "/Content/wowProductImages/medium/787165.JPG",
          "LargeImageFile": "/Content/wowProductImages/medium/787165.JPG",
          "IsOnSpecial": false,
          "IsEdrSpecial": false,
          "SavingsAmount": 0.00,
          "WasPrice": 3.59,
          "QuantityInTrolley": 0,
          "Unit": "Each",
          "MinimumQuantity": 1,
          "IsInTrolley": false,
          "Source": "SearchProducts",
          "SupplyLimit": 36,
          "PackageSize": "2l",
          "IsPmDelivery": false,
          "IsForCollection": true,
          "IsForDelivery": true,
          "ImageTag": {
            "TagContent": "/Content/PromotionTags/final-aus-made.png",
            "TagLink": "/Shop/ProductGroup/35385",
            "FallbackText": "AUSTRALIAN MADE",
            "TagType": "None"
          },
          "CentreTag": {
            "TagContent": "<a title=\"2 for 5.000\" href=\"/Shop/ProductGroup/161202\"><span style=\"COLOR: #e2001a\">2 for $5.00</span> $1.25/1L</a>",
            "TagLink": null,
            "FallbackText": null,
            "TagType": "Html"
          },
          "FooterTag": {
            "TagContent": null,
            "TagLink": null,
            "FallbackText": null,
            "TagType": "None"
          },
          "IsCentreTag": true,
          "IsFooterEnabled": false,
          "UnitWeightInGrams": 2148,
          "SupplyLimitMessage": "'Golden Circle Orange & Mango Fruit Drink' has a supply limit of 36. The quantity in your trolley has been reduced accordingly. To purchase a larger quantity, please contact us on 1800 000 610, or e-mail us at shoponline@woolworths.com.au. Please note - we do not supply trade orders.",
          "SmallFormatDescription": "Golden Circle Orange & Mango Fruit Drink",
          "IsAvailable": true,
          "AgeRestricted": false,
          "DisplayQuantity": 1,
          "RichDescription": "",
          "IsDeliveryPass": false,
          "HideWasSavedPrice": false
        }
      ],
      "Name": " Golden Circle Orange & Mango<br>Fruit Drink "
    },
    {
      "Products": [
        {
          "Stockcode": 887117,
          "CupPrice": 1.8,
          "CupMeasure": "1L",
          "CupString": "$1.80 / 1L",
          "HasCupPrice": true,
          "Price": 3.59,
          "Name": "Golden Circle Apple & Mango 50% Less Sugar",
          "UrlFriendlyName": "golden-circle-apple-mango-50-less-sugar",
          "Description": " Golden Circle Apple & Mango<br>50% Less Sugar 2l",
          "SmallImageFile": "/Content/wowProductImages/small/887117.jpg",
          "MediumImageFile": "/Content/wowProductImages/medium/887117.jpg",
          "LargeImageFile": "/Content/wowProductImages/large/887117.jpg",
          "IsOnSpecial": false,
          "IsEdrSpecial": false,
          "SavingsAmount": 0.00,
          "WasPrice": 3.59,
          "QuantityInTrolley": 0,
          "Unit": "Each",
          "MinimumQuantity": 1,
          "IsInTrolley": false,
          "Source": "SearchProducts",
          "SupplyLimit": 36,
          "PackageSize": "2l",
          "IsPmDelivery": false,
          "IsForCollection": true,
          "IsForDelivery": true,
          "ImageTag": {
            "TagContent": null,
            "TagLink": null,
            "FallbackText": "",
            "TagType": "None"
          },
          "CentreTag": {
            "TagContent": "<a title=\"2 for 5.000\" href=\"/Shop/ProductGroup/161202\"><span style=\"COLOR: #e2001a\">2 for $5.00</span> $1.25/1L</a>",
            "TagLink": null,
            "FallbackText": null,
            "TagType": "Html"
          },
          "FooterTag": {
            "TagContent": null,
            "TagLink": null,
            "FallbackText": null,
            "TagType": "None"
          },
          "IsCentreTag": true,
          "IsFooterEnabled": false,
          "UnitWeightInGrams": 2146,
          "SupplyLimitMessage": "'Golden Circle Apple & Mango 50% Less Sugar' has a supply limit of 36. The quantity in your trolley has been reduced accordingly. To purchase a larger quantity, please contact us on 1800 000 610, or e-mail us at shoponline@woolworths.com.au. Please note - we do not supply trade orders.",
          "SmallFormatDescription": "Golden Circle Apple & Mango 50% Less Sugar",
          "IsAvailable": true,
          "AgeRestricted": false,
          "DisplayQuantity": 1,
          "RichDescription": "",
          "IsDeliveryPass": false,
          "HideWasSavedPrice": false
        }
      ],
      "Name": " Golden Circle Apple & Mango<br>50% Less Sugar "
    },
    {
      "Products": [
        {
          "Stockcode": 32749,
          "CupPrice": 2.05,
          "CupMeasure": "1L",
          "CupString": "$2.05 / 1L",
          "HasCupPrice": true,
          "Price": 2.05,
          "Name": "Golden Circle Pine Orange Fruit Drink",
          "UrlFriendlyName": "golden-circle-pine-orange-fruit-drink",
          "Description": " Golden Circle Pine Orange<br>Fruit Drink 1l",
          "SmallImageFile": "/Content/wowProductImages/small/032749.jpg",
          "MediumImageFile": "/Content/wowProductImages/medium/032749.jpg",
          "LargeImageFile": "/Content/wowProductImages/medium/032749.jpg",
          "IsOnSpecial": false,
          "IsEdrSpecial": false,
          "SavingsAmount": 0.00,
          "WasPrice": 2.05,
          "QuantityInTrolley": 0,
          "Unit": "Each",
          "MinimumQuantity": 1,
          "IsInTrolley": false,
          "Source": "SearchProducts",
          "SupplyLimit": 36,
          "PackageSize": "1l",
          "IsPmDelivery": false,
          "IsForCollection": true,
          "IsForDelivery": true,
          "ImageTag": {
            "TagContent": "/Content/PromotionTags/final-edr-card.png",
            "TagLink": null,
            "FallbackText": null,
            "TagType": "None"
          },
          "CentreTag": {
            "TagContent": null,
            "TagLink": null,
            "FallbackText": null,
            "TagType": "None"
          },
          "FooterTag": {
            "TagContent": "<div class=\"productTag-earnDollars\" style=\"color:#fff;height:46px;position:absolute;top:-2px;left:0;width:100%;background-image:linear-gradient(to bottom, #E9670B 0%, #C04722 50%);font-weight:bold;line-height: 1;\"><div class=\"vertical-align\" style=\"left:3.5%;text-align:center;\"><div class=\"earn-text\" style=\"font-size:168%;line-height:19px;margin-top:4px;\">EARN</div><div style=\"line-height:14px;\"><img src=\"/Images/ProductTag/icon-wapple-white.png\" width=\"12\" height=\"12\" alt=\"Woolworths\" style=\"margin: 2px 3px 0;display:inline-block;float:left;\"><span style=\"font-size:75%;\">DOLLARS</span></div></div><div class=\"vertical-align\" style=\"right:4.5%;text-align:right;\"><div style=\"font-size:137%;letter-spacing:0.5px;\">$1.00</div><div style=\"font-size:75%; margin-top: 2%;\">WITH CARD</div></div></div><style>.productTag-earnDollars{font-size:16px;}.cardViewCompact .productTag-earnDollars{font-size:14px;}.cardViewCompact .withIcon .productTag-earnDollars{font-size:13px;}</style>",
            "TagLink": "/Shop/ProductGroup/162037",
            "FallbackText": null,
            "TagType": "Html"
          },
          "IsCentreTag": false,
          "IsFooterEnabled": true,
          "UnitWeightInGrams": 1072,
          "SupplyLimitMessage": "'Golden Circle Pine Orange Fruit Drink' has a supply limit of 36. The quantity in your trolley has been reduced accordingly. To purchase a larger quantity, please contact us on 1800 000 610, or e-mail us at shoponline@woolworths.com.au. Please note - we do not supply trade orders.",
          "SmallFormatDescription": "Golden Circle Pine Orange Fruit Drink",
          "IsAvailable": true,
          "AgeRestricted": false,
          "DisplayQuantity": 1,
          "RichDescription": "",
          "IsDeliveryPass": false,
          "HideWasSavedPrice": false
        }
      ],
      "Name": " Golden Circle Pine Orange<br>Fruit Drink "
    },
    {
      "Products": [
        {
          "Stockcode": 34543,
          "CupPrice": 2.05,
          "CupMeasure": "1L",
          "CupString": "$2.05 / 1L",
          "HasCupPrice": true,
          "Price": 2.05,
          "Name": "Golden Circle Pineapple & Mango Fruit Drink",
          "UrlFriendlyName": "golden-circle-pineapple-mango-fruit-drink",
          "Description": " Golden Circle Pineapple &<br>Mango Fruit Drink 1l",
          "SmallImageFile": "/Content/wowProductImages/small/034543.jpg",
          "MediumImageFile": "/Content/wowProductImages/medium/034543.jpg",
          "LargeImageFile": "/Content/wowProductImages/medium/034543.jpg",
          "IsOnSpecial": false,
          "IsEdrSpecial": false,
          "SavingsAmount": 0.00,
          "WasPrice": 2.05,
          "QuantityInTrolley": 0,
          "Unit": "Each",
          "MinimumQuantity": 1,
          "IsInTrolley": false,
          "Source": "SearchProducts",
          "SupplyLimit": 36,
          "PackageSize": "1l",
          "IsPmDelivery": false,
          "IsForCollection": true,
          "IsForDelivery": true,
          "ImageTag": {
            "TagContent": "/Content/PromotionTags/final-edr-card.png",
            "TagLink": null,
            "FallbackText": null,
            "TagType": "None"
          },
          "CentreTag": {
            "TagContent": null,
            "TagLink": null,
            "FallbackText": null,
            "TagType": "None"
          },
          "FooterTag": {
            "TagContent": "<div class=\"productTag-earnDollars\" style=\"color:#fff;height:46px;position:absolute;top:-2px;left:0;width:100%;background-image:linear-gradient(to bottom, #E9670B 0%, #C04722 50%);font-weight:bold;line-height: 1;\"><div class=\"vertical-align\" style=\"left:3.5%;text-align:center;\"><div class=\"earn-text\" style=\"font-size:168%;line-height:19px;margin-top:4px;\">EARN</div><div style=\"line-height:14px;\"><img src=\"/Images/ProductTag/icon-wapple-white.png\" width=\"12\" height=\"12\" alt=\"Woolworths\" style=\"margin: 2px 3px 0;display:inline-block;float:left;\"><span style=\"font-size:75%;\">DOLLARS</span></div></div><div class=\"vertical-align\" style=\"right:4.5%;text-align:right;\"><div style=\"font-size:137%;letter-spacing:0.5px;\">$1.00</div><div style=\"font-size:75%; margin-top: 2%;\">WITH CARD</div></div></div><style>.productTag-earnDollars{font-size:16px;}.cardViewCompact .productTag-earnDollars{font-size:14px;}.cardViewCompact .withIcon .productTag-earnDollars{font-size:13px;}</style>",
            "TagLink": "/Shop/ProductGroup/162037",
            "FallbackText": null,
            "TagType": "Html"
          },
          "IsCentreTag": false,
          "IsFooterEnabled": true,
          "UnitWeightInGrams": 1072,
          "SupplyLimitMessage": "'Golden Circle Pineapple & Mango Fruit Drink' has a supply limit of 36. The quantity in your trolley has been reduced accordingly. To purchase a larger quantity, please contact us on 1800 000 610, or e-mail us at shoponline@woolworths.com.au. Please note - we do not supply trade orders.",
          "SmallFormatDescription": "Golden Circle Pineapple & Mango Fruit Drink",
          "IsAvailable": true,
          "AgeRestricted": false,
          "DisplayQuantity": 1,
          "RichDescription": "",
          "IsDeliveryPass": false,
          "HideWasSavedPrice": false
        }
      ],
      "Name": " Golden Circle Pineapple &<br>Mango Fruit Drink "
    },
    {
      "Products": [
        {
          "Stockcode": 92483,
          "CupPrice": 2.05,
          "CupMeasure": "1L",
          "CupString": "$2.05 / 1L",
          "HasCupPrice": true,
          "Price": 2.05,
          "Name": "Golden Circle Pineapple & Coconut Fruit Drink",
          "UrlFriendlyName": "golden-circle-pineapple-coconut-fruit-drink",
          "Description": " Golden Circle Pineapple &<br>Coconut Fruit Drink 1l",
          "SmallImageFile": "/Content/wowProductImages/small/092483.jpg",
          "MediumImageFile": "/Content/wowProductImages/medium/092483.jpg",
          "LargeImageFile": "/Content/wowProductImages/medium/092483.jpg",
          "IsOnSpecial": false,
          "IsEdrSpecial": false,
          "SavingsAmount": 0.00,
          "WasPrice": 2.05,
          "QuantityInTrolley": 0,
          "Unit": "Each",
          "MinimumQuantity": 1,
          "IsInTrolley": false,
          "Source": "SearchProducts",
          "SupplyLimit": 36,
          "PackageSize": "1l",
          "IsPmDelivery": false,
          "IsForCollection": true,
          "IsForDelivery": true,
          "ImageTag": {
            "TagContent": "/Content/PromotionTags/final-edr-card.png",
            "TagLink": null,
            "FallbackText": null,
            "TagType": "None"
          },
          "CentreTag": {
            "TagContent": null,
            "TagLink": null,
            "FallbackText": null,
            "TagType": "None"
          },
          "FooterTag": {
            "TagContent": "<div class=\"productTag-earnDollars\" style=\"color:#fff;height:46px;position:absolute;top:-2px;left:0;width:100%;background-image:linear-gradient(to bottom, #E9670B 0%, #C04722 50%);font-weight:bold;line-height: 1;\"><div class=\"vertical-align\" style=\"left:3.5%;text-align:center;\"><div class=\"earn-text\" style=\"font-size:168%;line-height:19px;margin-top:4px;\">EARN</div><div style=\"line-height:14px;\"><img src=\"/Images/ProductTag/icon-wapple-white.png\" width=\"12\" height=\"12\" alt=\"Woolworths\" style=\"margin: 2px 3px 0;display:inline-block;float:left;\"><span style=\"font-size:75%;\">DOLLARS</span></div></div><div class=\"vertical-align\" style=\"right:4.5%;text-align:right;\"><div style=\"font-size:137%;letter-spacing:0.5px;\">$1.00</div><div style=\"font-size:75%; margin-top: 2%;\">WITH CARD</div></div></div><style>.productTag-earnDollars{font-size:16px;}.cardViewCompact .productTag-earnDollars{font-size:14px;}.cardViewCompact .withIcon .productTag-earnDollars{font-size:13px;}</style>",
            "TagLink": "/Shop/ProductGroup/162037",
            "FallbackText": null,
            "TagType": "Html"
          },
          "IsCentreTag": false,
          "IsFooterEnabled": true,
          "UnitWeightInGrams": 1072,
          "SupplyLimitMessage": "'Golden Circle Pineapple & Coconut Fruit Drink' has a supply limit of 36. The quantity in your trolley has been reduced accordingly. To purchase a larger quantity, please contact us on 1800 000 610, or e-mail us at shoponline@woolworths.com.au. Please note - we do not supply trade orders.",
          "SmallFormatDescription": "Golden Circle Pineapple & Coconut Fruit Drink",
          "IsAvailable": true,
          "AgeRestricted": false,
          "DisplayQuantity": 1,
          "RichDescription": "",
          "IsDeliveryPass": false,
          "HideWasSavedPrice": false
        }
      ],
      "Name": " Golden Circle Pineapple &<br>Coconut Fruit Drink "
    },
    {
      "Products": [
        {
          "Stockcode": 742092,
          "CupPrice": 2,
          "CupMeasure": "1L",
          "CupString": "$2.00 / 1L",
          "HasCupPrice": true,
          "Price": 3.99,
          "Name": "Golden Circle Sun Punch Fruit Drink",
          "UrlFriendlyName": "golden-circle-sun-punch-fruit-drink",
          "Description": " Golden Circle Sun Punch<br>Fruit Drink 8x250ml",
          "SmallImageFile": "/Content/wowProductImages/small/742092.jpg",
          "MediumImageFile": "/Content/wowProductImages/medium/742092.jpg",
          "LargeImageFile": "/Content/wowProductImages/medium/742092.jpg",
          "IsOnSpecial": false,
          "IsEdrSpecial": false,
          "SavingsAmount": 0.00,
          "WasPrice": 3.99,
          "QuantityInTrolley": 0,
          "Unit": "Each",
          "MinimumQuantity": 1,
          "IsInTrolley": false,
          "Source": "SearchProducts",
          "SupplyLimit": 36,
          "PackageSize": "8x250ml",
          "IsPmDelivery": false,
          "IsForCollection": true,
          "IsForDelivery": true,
          "ImageTag": {
            "TagContent": "/Content/PromotionTags/final-bmsm.png",
            "TagLink": "/Shop/SpecialsGroups/buy-more-save-more",
            "FallbackText": "Buy More Save More",
            "TagType": "None"
          },
          "CentreTag": {
            "TagContent": "<a title=\"2 for 7.000\" href=\"/Shop/ProductGroup/161287\"><span style=\"COLOR: #e2001a\">2 for $7.00</span> $1.75/1L</a>",
            "TagLink": null,
            "FallbackText": null,
            "TagType": "Html"
          },
          "FooterTag": {
            "TagContent": "<div class=\"productTag-lowerpricealways\" style=\"\r\nheight:46px;\r\nposition:absolute;\r\ntop:-2px;\r\nleft:0;\r\nwidth:100%;\r\nbackground:#F10000;\r\n\">\r\n\r\n\r\n<img src=\"/Content/Content/LPA_footer_img2.png\" width=\"166px\" height=\"13px\" alt=\"Lower Price Always\" style=\"display:inline-block; margin-top:15px; margin-left:calc(50% - 83px);\">\r\n\r\n</div>",
            "TagLink": null,
            "FallbackText": null,
            "TagType": "Html"
          },
          "IsCentreTag": true,
          "IsFooterEnabled": true,
          "UnitWeightInGrams": 2196,
          "SupplyLimitMessage": "'Golden Circle Sun Punch Fruit Drink' has a supply limit of 36. The quantity in your trolley has been reduced accordingly. To purchase a larger quantity, please contact us on 1800 000 610, or e-mail us at shoponline@woolworths.com.au. Please note - we do not supply trade orders.",
          "SmallFormatDescription": "Golden Circle Sun Punch Fruit Drink",
          "IsAvailable": true,
          "AgeRestricted": false,
          "DisplayQuantity": 1,
          "RichDescription": "",
          "IsDeliveryPass": false,
          "HideWasSavedPrice": false
        }
      ],
      "Name": " Golden Circle Sun Punch Fruit<br>Drink "
    },
    {
      "Products": [
        {
          "Stockcode": 742113,
          "CupPrice": 2,
          "CupMeasure": "1L",
          "CupString": "$2.00 / 1L",
          "HasCupPrice": true,
          "Price": 3.99,
          "Name": "Golden Circle Pash Fruit Drink",
          "UrlFriendlyName": "golden-circle-pash-fruit-drink",
          "Description": " Golden Circle Pash Fruit<br>Drink 8x250ml",
          "SmallImageFile": "/Content/wowProductImages/small/742113.jpg",
          "MediumImageFile": "/Content/wowProductImages/medium/742113.jpg",
          "LargeImageFile": "/Content/wowProductImages/medium/742113.jpg",
          "IsOnSpecial": false,
          "IsEdrSpecial": false,
          "SavingsAmount": 0.00,
          "WasPrice": 3.99,
          "QuantityInTrolley": 0,
          "Unit": "Each",
          "MinimumQuantity": 1,
          "IsInTrolley": false,
          "Source": "SearchProducts",
          "SupplyLimit": 36,
          "PackageSize": "8x250ml",
          "IsPmDelivery": false,
          "IsForCollection": true,
          "IsForDelivery": true,
          "ImageTag": {
            "TagContent": "/Content/PromotionTags/final-aus-made.png",
            "TagLink": "/Shop/ProductGroup/35385",
            "FallbackText": "AUSTRALIAN MADE",
            "TagType": "None"
          },
          "CentreTag": {
            "TagContent": "<a title=\"2 for 7.000\" href=\"/Shop/ProductGroup/161287\"><span style=\"COLOR: #e2001a\">2 for $7.00</span> $1.75/1L</a>",
            "TagLink": null,
            "FallbackText": null,
            "TagType": "Html"
          },
          "FooterTag": {
            "TagContent": "<div class=\"productTag-lowerpricealways\" style=\"\r\nheight:46px;\r\nposition:absolute;\r\ntop:-2px;\r\nleft:0;\r\nwidth:100%;\r\nbackground:#F10000;\r\n\">\r\n\r\n\r\n<img src=\"/Content/Content/LPA_footer_img2.png\" width=\"166px\" height=\"13px\" alt=\"Lower Price Always\" style=\"display:inline-block; margin-top:15px; margin-left:calc(50% - 83px);\">\r\n\r\n</div>",
            "TagLink": null,
            "FallbackText": null,
            "TagType": "Html"
          },
          "IsCentreTag": true,
          "IsFooterEnabled": true,
          "UnitWeightInGrams": 2196,
          "SupplyLimitMessage": "'Golden Circle Pash Fruit Drink' has a supply limit of 36. The quantity in your trolley has been reduced accordingly. To purchase a larger quantity, please contact us on 1800 000 610, or e-mail us at shoponline@woolworths.com.au. Please note - we do not supply trade orders.",
          "SmallFormatDescription": "Golden Circle Pash Fruit Drink",
          "IsAvailable": true,
          "AgeRestricted": false,
          "DisplayQuantity": 1,
          "RichDescription": "",
          "IsDeliveryPass": false,
          "HideWasSavedPrice": false
        }
      ],
      "Name": " Golden Circle Pash Fruit Drink "
    },
    {
      "Products": [
        {
          "Stockcode": 789876,
          "CupPrice": 2,
          "CupMeasure": "1L",
          "CupString": "$2.00 / 1L",
          "HasCupPrice": true,
          "Price": 3.99,
          "Name": "Golden Circle Fruit 50% Less Sugar",
          "UrlFriendlyName": "golden-circle-fruit-50-less-sugar",
          "Description": " Golden Circle Fruit 50% Less<br>Sugar 8x250ml",
          "SmallImageFile": "/Content/wowProductImages/small/789876.JPG",
          "MediumImageFile": "/Content/wowProductImages/medium/789876.JPG",
          "LargeImageFile": "/Content/wowProductImages/medium/789876.JPG",
          "IsOnSpecial": false,
          "IsEdrSpecial": false,
          "SavingsAmount": 0.00,
          "WasPrice": 3.99,
          "QuantityInTrolley": 0,
          "Unit": "Each",
          "MinimumQuantity": 1,
          "IsInTrolley": false,
          "Source": "SearchProducts",
          "SupplyLimit": 36,
          "PackageSize": "8x250ml",
          "IsPmDelivery": false,
          "IsForCollection": true,
          "IsForDelivery": true,
          "ImageTag": {
            "TagContent": "/Content/PromotionTags/final-aus-made.png",
            "TagLink": "/Shop/ProductGroup/35385",
            "FallbackText": "AUSTRALIAN MADE",
            "TagType": "None"
          },
          "CentreTag": {
            "TagContent": "<a title=\"2 for 7.000\" href=\"/Shop/ProductGroup/161287\"><span style=\"COLOR: #e2001a\">2 for $7.00</span> $1.75/1L</a>",
            "TagLink": null,
            "FallbackText": null,
            "TagType": "Html"
          },
          "FooterTag": {
            "TagContent": "<div class=\"productTag-lowerpricealways\" style=\"\r\nheight:46px;\r\nposition:absolute;\r\ntop:-2px;\r\nleft:0;\r\nwidth:100%;\r\nbackground:#F10000;\r\n\">\r\n\r\n\r\n<img src=\"/Content/Content/LPA_footer_img2.png\" width=\"166px\" height=\"13px\" alt=\"Lower Price Always\" style=\"display:inline-block; margin-top:15px; margin-left:calc(50% - 83px);\">\r\n\r\n</div>",
            "TagLink": null,
            "FallbackText": null,
            "TagType": "Html"
          },
          "IsCentreTag": true,
          "IsFooterEnabled": true,
          "UnitWeightInGrams": 2196,
          "SupplyLimitMessage": "'Golden Circle Fruit 50% Less Sugar' has a supply limit of 36. The quantity in your trolley has been reduced accordingly. To purchase a larger quantity, please contact us on 1800 000 610, or e-mail us at shoponline@woolworths.com.au. Please note - we do not supply trade orders.",
          "SmallFormatDescription": "Golden Circle Fruit 50% Less Sugar",
          "IsAvailable": true,
          "AgeRestricted": false,
          "DisplayQuantity": 1,
          "RichDescription": "",
          "IsDeliveryPass": false,
          "HideWasSavedPrice": false
        }
      ],
      "Name": " Golden Circle Fruit 50% Less<br>Sugar "
    },
    {
      "Products": [
        {
          "Stockcode": 777638,
          "CupPrice": 15.75,
          "CupMeasure": "1KG",
          "CupString": "$15.75 / 1KG",
          "HasCupPrice": true,
          "Price": 1.89,
          "Name": "Golden Circle Puree Kiwi Crush",
          "UrlFriendlyName": "golden-circle-puree-kiwi-crush",
          "Description": " Golden Circle Puree Kiwi<br>Crush 120g",
          "SmallImageFile": "/Content/wowProductImages/small/777638.JPG",
          "MediumImageFile": "/Content/wowProductImages/medium/777638.JPG",
          "LargeImageFile": "/Content/wowProductImages/medium/777638.JPG",
          "IsOnSpecial": false,
          "IsEdrSpecial": false,
          "SavingsAmount": 0.00,
          "WasPrice": 1.89,
          "QuantityInTrolley": 0,
          "Unit": "Each",
          "MinimumQuantity": 1,
          "IsInTrolley": false,
          "Source": "SearchProducts",
          "SupplyLimit": 36,
          "PackageSize": "120g",
          "IsPmDelivery": false,
          "IsForCollection": true,
          "IsForDelivery": true,
          "ImageTag": {
            "TagContent": "/Content/PromotionTags/final-bmsm.png",
            "TagLink": "/Shop/SpecialsGroups/buy-more-save-more",
            "FallbackText": "Buy More Save More",
            "TagType": "None"
          },
          "CentreTag": {
            "TagContent": "<a title=\"4 for 5.000\" href=\"/Shop/ProductGroup/161309\"><span style=\"COLOR: #e2001a\">4 for $5.00</span> $10.42/1KG</a>",
            "TagLink": null,
            "FallbackText": null,
            "TagType": "Html"
          },
          "FooterTag": {
            "TagContent": null,
            "TagLink": null,
            "FallbackText": null,
            "TagType": "None"
          },
          "IsCentreTag": true,
          "IsFooterEnabled": false,
          "UnitWeightInGrams": 120,
          "SupplyLimitMessage": "'Golden Circle Puree Kiwi Crush' has a supply limit of 36. The quantity in your trolley has been reduced accordingly. To purchase a larger quantity, please contact us on 1800 000 610, or e-mail us at shoponline@woolworths.com.au. Please note - we do not supply trade orders.",
          "SmallFormatDescription": "Golden Circle Puree Kiwi Crush",
          "IsAvailable": true,
          "AgeRestricted": false,
          "DisplayQuantity": 1,
          "RichDescription": "",
          "IsDeliveryPass": false,
          "HideWasSavedPrice": false
        }
      ],
      "Name": " Golden Circle Puree Kiwi Crush "
    },
    {
      "Products": [
        {
          "Stockcode": 763159,
          "CupPrice": 15.75,
          "CupMeasure": "1KG",
          "CupString": "$15.75 / 1KG",
          "HasCupPrice": true,
          "Price": 1.89,
          "Name": "Golden Circle Puree Strawberry Squeeze",
          "UrlFriendlyName": "golden-circle-puree-strawberry-squeeze",
          "Description": " Golden Circle Puree<br>Strawberry Squeeze 120g",
          "SmallImageFile": "/Content/wowProductImages/small/763159.JPG",
          "MediumImageFile": "/Content/wowProductImages/medium/763159.JPG",
          "LargeImageFile": "/Content/wowProductImages/medium/763159.JPG",
          "IsOnSpecial": false,
          "IsEdrSpecial": false,
          "SavingsAmount": 0.00,
          "WasPrice": 1.89,
          "QuantityInTrolley": 0,
          "Unit": "Each",
          "MinimumQuantity": 1,
          "IsInTrolley": false,
          "Source": "SearchProducts",
          "SupplyLimit": 36,
          "PackageSize": "120g",
          "IsPmDelivery": false,
          "IsForCollection": true,
          "IsForDelivery": true,
          "ImageTag": {
            "TagContent": "/Content/PromotionTags/final-bmsm.png",
            "TagLink": "/Shop/SpecialsGroups/buy-more-save-more",
            "FallbackText": "Buy More Save More",
            "TagType": "None"
          },
          "CentreTag": {
            "TagContent": "<a title=\"4 for 5.000\" href=\"/Shop/ProductGroup/161309\"><span style=\"COLOR: #e2001a\">4 for $5.00</span> $10.42/1KG</a>",
            "TagLink": null,
            "FallbackText": null,
            "TagType": "Html"
          },
          "FooterTag": {
            "TagContent": null,
            "TagLink": null,
            "FallbackText": null,
            "TagType": "None"
          },
          "IsCentreTag": true,
          "IsFooterEnabled": false,
          "UnitWeightInGrams": 120,
          "SupplyLimitMessage": "'Golden Circle Puree Strawberry Squeeze' has a supply limit of 36. The quantity in your trolley has been reduced accordingly. To purchase a larger quantity, please contact us on 1800 000 610, or e-mail us at shoponline@woolworths.com.au. Please note - we do not supply trade orders.",
          "SmallFormatDescription": "Golden Circle Puree Strawberry Squeeze",
          "IsAvailable": true,
          "AgeRestricted": false,
          "DisplayQuantity": 1,
          "RichDescription": "",
          "IsDeliveryPass": false,
          "HideWasSavedPrice": false
        }
      ],
      "Name": " Golden Circle Puree Strawberry<br>Squeeze "
    },
    {
      "Products": [
        {
          "Stockcode": 763259,
          "CupPrice": 15.75,
          "CupMeasure": "1KG",
          "CupString": "$15.75 / 1KG",
          "HasCupPrice": true,
          "Price": 1.89,
          "Name": "Golden Circle Puree Pineapple & Mango",
          "UrlFriendlyName": "golden-circle-puree-pineapple-mango",
          "Description": " Golden Circle Puree<br>Pineapple & Mango 120g",
          "SmallImageFile": "/Content/wowProductImages/small/763259.JPG",
          "MediumImageFile": "/Content/wowProductImages/medium/763259.JPG",
          "LargeImageFile": "/Content/wowProductImages/medium/763259.JPG",
          "IsOnSpecial": false,
          "IsEdrSpecial": false,
          "SavingsAmount": 0.00,
          "WasPrice": 1.89,
          "QuantityInTrolley": 0,
          "Unit": "Each",
          "MinimumQuantity": 1,
          "IsInTrolley": false,
          "Source": "SearchProducts",
          "SupplyLimit": 36,
          "PackageSize": "120g",
          "IsPmDelivery": false,
          "IsForCollection": true,
          "IsForDelivery": true,
          "ImageTag": {
            "TagContent": "/Content/PromotionTags/final-bmsm.png",
            "TagLink": "/Shop/SpecialsGroups/buy-more-save-more",
            "FallbackText": "Buy More Save More",
            "TagType": "None"
          },
          "CentreTag": {
            "TagContent": "<a title=\"4 for 5.000\" href=\"/Shop/ProductGroup/161309\"><span style=\"COLOR: #e2001a\">4 for $5.00</span> $10.42/1KG</a>",
            "TagLink": null,
            "FallbackText": null,
            "TagType": "Html"
          },
          "FooterTag": {
            "TagContent": null,
            "TagLink": null,
            "FallbackText": null,
            "TagType": "None"
          },
          "IsCentreTag": true,
          "IsFooterEnabled": false,
          "UnitWeightInGrams": 120,
          "SupplyLimitMessage": "'Golden Circle Puree Pineapple & Mango' has a supply limit of 36. The quantity in your trolley has been reduced accordingly. To purchase a larger quantity, please contact us on 1800 000 610, or e-mail us at shoponline@woolworths.com.au. Please note - we do not supply trade orders.",
          "SmallFormatDescription": "Golden Circle Puree Pineapple & Mango",
          "IsAvailable": true,
          "AgeRestricted": false,
          "DisplayQuantity": 1,
          "RichDescription": "",
          "IsDeliveryPass": false,
          "HideWasSavedPrice": false
        }
      ],
      "Name": " Golden Circle Puree Pineapple<br>& Mango "
    },
    {
      "Products": [
        {
          "Stockcode": 777640,
          "CupPrice": 15.75,
          "CupMeasure": "1KG",
          "CupString": "$15.75 / 1KG",
          "HasCupPrice": true,
          "Price": 1.89,
          "Name": "Golden Circle Puree Banana Berry Blast",
          "UrlFriendlyName": "golden-circle-puree-banana-berry-blast",
          "Description": " Golden Circle Puree Banana<br>Berry Blast 120g",
          "SmallImageFile": "/Content/wowProductImages/small/777640.JPG",
          "MediumImageFile": "/Content/wowProductImages/medium/777640.JPG",
          "LargeImageFile": "/Content/wowProductImages/medium/777640.JPG",
          "IsOnSpecial": false,
          "IsEdrSpecial": false,
          "SavingsAmount": 0.00,
          "WasPrice": 1.89,
          "QuantityInTrolley": 0,
          "Unit": "Each",
          "MinimumQuantity": 1,
          "IsInTrolley": false,
          "Source": "SearchProducts",
          "SupplyLimit": 36,
          "PackageSize": "120g",
          "IsPmDelivery": false,
          "IsForCollection": true,
          "IsForDelivery": true,
          "ImageTag": {
            "TagContent": "/Content/PromotionTags/final-bmsm.png",
            "TagLink": "/Shop/SpecialsGroups/buy-more-save-more",
            "FallbackText": "Buy More Save More",
            "TagType": "None"
          },
          "CentreTag": {
            "TagContent": "<a title=\"4 for 5.000\" href=\"/Shop/ProductGroup/161309\"><span style=\"COLOR: #e2001a\">4 for $5.00</span> $10.42/1KG</a>",
            "TagLink": null,
            "FallbackText": null,
            "TagType": "Html"
          },
          "FooterTag": {
            "TagContent": null,
            "TagLink": null,
            "FallbackText": null,
            "TagType": "None"
          },
          "IsCentreTag": true,
          "IsFooterEnabled": false,
          "UnitWeightInGrams": 120,
          "SupplyLimitMessage": "'Golden Circle Puree Banana Berry Blast' has a supply limit of 36. The quantity in your trolley has been reduced accordingly. To purchase a larger quantity, please contact us on 1800 000 610, or e-mail us at shoponline@woolworths.com.au. Please note - we do not supply trade orders.",
          "SmallFormatDescription": "Golden Circle Puree Banana Berry Blast",
          "IsAvailable": true,
          "AgeRestricted": false,
          "DisplayQuantity": 1,
          "RichDescription": "",
          "IsDeliveryPass": false,
          "HideWasSavedPrice": false
        }
      ],
      "Name": " Golden Circle Puree Banana<br>Berry Blast "
    },
    {
      "Products": [
        {
          "Stockcode": 789837,
          "CupPrice": 2,
          "CupMeasure": "1L",
          "CupString": "$2.00 / 1L",
          "HasCupPrice": true,
          "Price": 3.99,
          "Name": "Golden Circle Apple & Blackcurrant ",
          "UrlFriendlyName": "golden-circle-apple-blackcurrant",
          "Description": " Golden Circle Apple &<br>Blackcurrant  8x250ml",
          "SmallImageFile": "/Content/wowProductImages/small/789837.JPG",
          "MediumImageFile": "/Content/wowProductImages/medium/789837.JPG",
          "LargeImageFile": "/Content/wowProductImages/medium/789837.JPG",
          "IsOnSpecial": false,
          "IsEdrSpecial": false,
          "SavingsAmount": 0.00,
          "WasPrice": 3.99,
          "QuantityInTrolley": 0,
          "Unit": "Each",
          "MinimumQuantity": 1,
          "IsInTrolley": false,
          "Source": "SearchProducts",
          "SupplyLimit": 36,
          "PackageSize": "8x250ml",
          "IsPmDelivery": false,
          "IsForCollection": true,
          "IsForDelivery": true,
          "ImageTag": {
            "TagContent": "/Content/PromotionTags/final-aus-made.png",
            "TagLink": "/Shop/ProductGroup/35385",
            "FallbackText": "AUSTRALIAN MADE",
            "TagType": "None"
          },
          "CentreTag": {
            "TagContent": "<a title=\"2 for 7.000\" href=\"/Shop/ProductGroup/161287\"><span style=\"COLOR: #e2001a\">2 for $7.00</span> $1.75/1L</a>",
            "TagLink": null,
            "FallbackText": null,
            "TagType": "Html"
          },
          "FooterTag": {
            "TagContent": "<div class=\"productTag-lowerpricealways\" style=\"\r\nheight:46px;\r\nposition:absolute;\r\ntop:-2px;\r\nleft:0;\r\nwidth:100%;\r\nbackground:#F10000;\r\n\">\r\n\r\n\r\n<img src=\"/Content/Content/LPA_footer_img2.png\" width=\"166px\" height=\"13px\" alt=\"Lower Price Always\" style=\"display:inline-block; margin-top:15px; margin-left:calc(50% - 83px);\">\r\n\r\n</div>",
            "TagLink": null,
            "FallbackText": null,
            "TagType": "Html"
          },
          "IsCentreTag": true,
          "IsFooterEnabled": true,
          "UnitWeightInGrams": 2196,
          "SupplyLimitMessage": "'Golden Circle Apple & Blackcurrant ' has a supply limit of 36. The quantity in your trolley has been reduced accordingly. To purchase a larger quantity, please contact us on 1800 000 610, or e-mail us at shoponline@woolworths.com.au. Please note - we do not supply trade orders.",
          "SmallFormatDescription": "Golden Circle Apple & Blackcurrant ",
          "IsAvailable": true,
          "AgeRestricted": false,
          "DisplayQuantity": 1,
          "RichDescription": "",
          "IsDeliveryPass": false,
          "HideWasSavedPrice": false
        }
      ],
      "Name": " Golden Circle Apple &<br>Blackcurrant  "
    },
    {
      "Products": [
        {
          "Stockcode": 741969,
          "CupPrice": 2,
          "CupMeasure": "1L",
          "CupString": "$2.00 / 1L",
          "HasCupPrice": true,
          "Price": 3.99,
          "Name": "Golden Circle Tropical Fruit Drink",
          "UrlFriendlyName": "golden-circle-tropical-fruit-drink",
          "Description": " Golden Circle Tropical Fruit<br>Drink 8x250ml",
          "SmallImageFile": "/Content/wowProductImages/small/741969.jpg",
          "MediumImageFile": "/Content/wowProductImages/medium/741969.jpg",
          "LargeImageFile": "/Content/wowProductImages/medium/741969.jpg",
          "IsOnSpecial": false,
          "IsEdrSpecial": false,
          "SavingsAmount": 0.00,
          "WasPrice": 3.99,
          "QuantityInTrolley": 0,
          "Unit": "Each",
          "MinimumQuantity": 1,
          "IsInTrolley": false,
          "Source": "SearchProducts",
          "SupplyLimit": 36,
          "PackageSize": "8x250ml",
          "IsPmDelivery": false,
          "IsForCollection": true,
          "IsForDelivery": true,
          "ImageTag": {
            "TagContent": "/Content/PromotionTags/final-aus-made.png",
            "TagLink": "/Shop/ProductGroup/35385",
            "FallbackText": "AUSTRALIAN MADE",
            "TagType": "None"
          },
          "CentreTag": {
            "TagContent": "<a title=\"2 for 7.000\" href=\"/Shop/ProductGroup/161287\"><span style=\"COLOR: #e2001a\">2 for $7.00</span> $1.75/1L</a>",
            "TagLink": null,
            "FallbackText": null,
            "TagType": "Html"
          },
          "FooterTag": {
            "TagContent": "<div class=\"productTag-lowerpricealways\" style=\"\r\nheight:46px;\r\nposition:absolute;\r\ntop:-2px;\r\nleft:0;\r\nwidth:100%;\r\nbackground:#F10000;\r\n\">\r\n\r\n\r\n<img src=\"/Content/Content/LPA_footer_img2.png\" width=\"166px\" height=\"13px\" alt=\"Lower Price Always\" style=\"display:inline-block; margin-top:15px; margin-left:calc(50% - 83px);\">\r\n\r\n</div>",
            "TagLink": null,
            "FallbackText": null,
            "TagType": "Html"
          },
          "IsCentreTag": true,
          "IsFooterEnabled": true,
          "UnitWeightInGrams": 2196,
          "SupplyLimitMessage": "'Golden Circle Tropical Fruit Drink' has a supply limit of 36. The quantity in your trolley has been reduced accordingly. To purchase a larger quantity, please contact us on 1800 000 610, or e-mail us at shoponline@woolworths.com.au. Please note - we do not supply trade orders.",
          "SmallFormatDescription": "Golden Circle Tropical Fruit Drink",
          "IsAvailable": true,
          "AgeRestricted": false,
          "DisplayQuantity": 1,
          "RichDescription": "",
          "IsDeliveryPass": false,
          "HideWasSavedPrice": false
        }
      ],
      "Name": " Golden Circle Tropical Fruit<br>Drink "
    },
    {
      "Products": [
        {
          "Stockcode": 742121,
          "CupPrice": 2,
          "CupMeasure": "1L",
          "CupString": "$2.00 / 1L",
          "HasCupPrice": true,
          "Price": 3.99,
          "Name": "Golden Circle Apple Fruit Drink",
          "UrlFriendlyName": "golden-circle-apple-fruit-drink",
          "Description": " Golden Circle Apple Fruit<br>Drink 8x250ml",
          "SmallImageFile": "/Content/wowProductImages/small/742121.jpg",
          "MediumImageFile": "/Content/wowProductImages/medium/742121.jpg",
          "LargeImageFile": "/Content/wowProductImages/medium/742121.jpg",
          "IsOnSpecial": false,
          "IsEdrSpecial": false,
          "SavingsAmount": 0.00,
          "WasPrice": 3.99,
          "QuantityInTrolley": 0,
          "Unit": "Each",
          "MinimumQuantity": 1,
          "IsInTrolley": false,
          "Source": "SearchProducts",
          "SupplyLimit": 36,
          "PackageSize": "8x250ml",
          "IsPmDelivery": false,
          "IsForCollection": true,
          "IsForDelivery": true,
          "ImageTag": {
            "TagContent": "/Content/PromotionTags/final-bmsm.png",
            "TagLink": "/Shop/SpecialsGroups/buy-more-save-more",
            "FallbackText": "Buy More Save More",
            "TagType": "None"
          },
          "CentreTag": {
            "TagContent": "<a title=\"2 for 7.000\" href=\"/Shop/ProductGroup/161287\"><span style=\"COLOR: #e2001a\">2 for $7.00</span> $1.75/1L</a>",
            "TagLink": null,
            "FallbackText": null,
            "TagType": "Html"
          },
          "FooterTag": {
            "TagContent": "<div class=\"productTag-lowerpricealways\" style=\"\r\nheight:46px;\r\nposition:absolute;\r\ntop:-2px;\r\nleft:0;\r\nwidth:100%;\r\nbackground:#F10000;\r\n\">\r\n\r\n\r\n<img src=\"/Content/Content/LPA_footer_img2.png\" width=\"166px\" height=\"13px\" alt=\"Lower Price Always\" style=\"display:inline-block; margin-top:15px; margin-left:calc(50% - 83px);\">\r\n\r\n</div>",
            "TagLink": null,
            "FallbackText": null,
            "TagType": "Html"
          },
          "IsCentreTag": true,
          "IsFooterEnabled": true,
          "UnitWeightInGrams": 2196,
          "SupplyLimitMessage": "'Golden Circle Apple Fruit Drink' has a supply limit of 36. The quantity in your trolley has been reduced accordingly. To purchase a larger quantity, please contact us on 1800 000 610, or e-mail us at shoponline@woolworths.com.au. Please note - we do not supply trade orders.",
          "SmallFormatDescription": "Golden Circle Apple Fruit Drink",
          "IsAvailable": true,
          "AgeRestricted": false,
          "DisplayQuantity": 1,
          "RichDescription": "",
          "IsDeliveryPass": false,
          "HideWasSavedPrice": false
        }
      ],
      "Name": " Golden Circle Apple Fruit<br>Drink "
    }
  ],
  "Corrections": null,
  "SearchResultsCount": 66,
  "VisualShoppingAisleResponse": [
    {
      "Name": "Pantry, International & Health \nFood",
      "UrlFriendlyName": "pantry-international-health-food",
      "Color": "#ffffff",
      "TextColor": "#373737",
      "NumberColor": "#929292",
      "IconFile": "/Content/wowAisleImages/pantry-international-health-food.svg",
      "ChildCategories": [
        {
          "Name": "canned & packet vegetables",
          "UrlFriendlyName": "canned-packet-vegetables",
          "ImageFile": "canned-packet-vegetables.jpg",
          "ProductCount": 6,
          "IsRestricted": false,
          "IsEligibleForRanking": false
        },
        {
          "Name": "canned beans, peas & corn",
          "UrlFriendlyName": "canned-beans-peas-corn",
          "ImageFile": "canned-beans-peas-corn.jpg",
          "ProductCount": 3,
          "IsRestricted": false,
          "IsEligibleForRanking": false
        },
        {
          "Name": "canned fruit",
          "UrlFriendlyName": "canned-fruit",
          "ImageFile": "canned-fruit.jpg",
          "ProductCount": 10,
          "IsRestricted": false,
          "IsEligibleForRanking": false
        },
        {
          "Name": "canned fruit salad & fruit puree",
          "UrlFriendlyName": "canned-fruit-salad-fruit-puree",
          "ImageFile": "canned-fruit-salad-fruit-puree.jpg",
          "ProductCount": 5,
          "IsRestricted": false,
          "IsEligibleForRanking": false
        }
      ]
    },
    {
      "Name": "Confectionery, Snacks & Drinks",
      "UrlFriendlyName": "confectionery-snacks-drinks",
      "Color": "#ffffff",
      "TextColor": "#373737",
      "NumberColor": "#929292",
      "IconFile": "/Content/wowAisleImages/confectionery-snacks-drinks.svg",
      "ChildCategories": [
        {
          "Name": "juice",
          "UrlFriendlyName": "juice",
          "ImageFile": "juice.jpg",
          "ProductCount": 26,
          "IsRestricted": false,
          "IsEligibleForRanking": false
        },
        {
          "Name": "lunch box juice",
          "UrlFriendlyName": "lunch-box-juice",
          "ImageFile": "lunch-box-juice.jpg",
          "ProductCount": 10,
          "IsRestricted": false,
          "IsEligibleForRanking": false
        },
        {
          "Name": "cordial",
          "UrlFriendlyName": "cordial",
          "ImageFile": "cordial.jpg",
          "ProductCount": 6,
          "IsRestricted": false,
          "IsEligibleForRanking": false
        }
      ]
    }
  ]
}