{
  "Products": [
    {
      "Products": [
        {
          "Stockcode": 842223,
          "CupPrice": 1.99,
          "CupMeasure": "1L",
          "CupString": "$1.99 / 1L",
          "HasCupPrice": true,
          "Price": 1.99,
          "Name": "Farmers Own Full Cream Milk",
          "UrlFriendlyName": "farmers-own-full-cream-milk",
          "Description": " Farmers Own Full Cream Milk 1l",
          "SmallImageFile": "/Content/wowProductImages/small/default.png",
          "MediumImageFile": "/Content/wowProductImages/medium/default.png",
          "LargeImageFile": "/Content/wowProductImages/large/default.png",
          "IsOnSpecial": false,
          "IsEdrSpecial": false,
          "SavingsAmount": 0.00,
          "WasPrice": 1.99,
          "QuantityInTrolley": 0,
          "Unit": "Each",
          "MinimumQuantity": 1,
          "IsInTrolley": false,
          "Source": "SearchProducts",
          "SupplyLimit": 36,
          "PackageSize": "1l",
          "IsPmDelivery": false,
          "IsForCollection": true,
          "IsForDelivery": true,
          "ImageTag": {
            "TagContent": "/Content/PromotionTags/final-aus-made.png",
            "TagLink": "/Shop/ProductGroup/35385",
            "FallbackText": "AUSTRALIAN MADE",
            "TagType": "None"
          },
          "CentreTag": {
            "TagContent": null,
            "TagLink": null,
            "FallbackText": null,
            "TagType": "None"
          },
          "FooterTag": {
            "TagContent": null,
            "TagLink": null,
            "FallbackText": null,
            "TagType": "None"
          },
          "IsCentreTag": false,
          "IsFooterEnabled": false,
          "UnitWeightInGrams": 500,
          "SupplyLimitMessage": "'Farmers Own Full Cream Milk' has a supply limit of 36. The quantity in your trolley has been reduced accordingly. To purchase a larger quantity, please contact us on 1800 000 610, or e-mail us at shoponline@woolworths.com.au. Please note - we do not supply trade orders.",
          "SmallFormatDescription": "Farmers Own Full Cream Milk",
          "IsAvailable": true,
          "AgeRestricted": false,
          "DisplayQuantity": 1,
          "RichDescription": "",
          "IsDeliveryPass": false,
          "HideWasSavedPrice": false
        }
      ],
      "Name": " Farmers Own Full Cream Milk "
    },
    {
      "Products": [
        {
          "Stockcode": 786816,
          "CupPrice": 1.5,
          "CupMeasure": "1L",
          "CupString": "$1.50 / 1L",
          "HasCupPrice": true,
          "Price": 4.49,
          "Name": "Farmers' Own Full Cream Milk",
          "UrlFriendlyName": "farmers-own-full-cream-milk",
          "Description": " Farmers' Own Full Cream Milk 3l",
          "SmallImageFile": "/Content/wowProductImages/small/786816.jpg",
          "MediumImageFile": "/Content/wowProductImages/medium/786816.jpg",
          "LargeImageFile": "/Content/wowProductImages/large/786816.jpg",
          "IsOnSpecial": false,
          "IsEdrSpecial": false,
          "SavingsAmount": 0.00,
          "WasPrice": 4.49,
          "QuantityInTrolley": 0,
          "Unit": "Each",
          "MinimumQuantity": 1,
          "IsInTrolley": false,
          "Source": "SearchProducts",
          "SupplyLimit": 36,
          "PackageSize": "3l",
          "IsPmDelivery": false,
          "IsForCollection": true,
          "IsForDelivery": true,
          "ImageTag": {
            "TagContent": "/Content/PromotionTags/local-seals-nsw.png",
            "TagLink": "/Shop/ProductGroup/0107-homepage-locally-made-nsw",
            "FallbackText": "LOCALLY MADE",
            "TagType": "None"
          },
          "CentreTag": {
            "TagContent": null,
            "TagLink": null,
            "FallbackText": null,
            "TagType": "None"
          },
          "FooterTag": {
            "TagContent": null,
            "TagLink": null,
            "FallbackText": null,
            "TagType": "None"
          },
          "IsCentreTag": false,
          "IsFooterEnabled": false,
          "UnitWeightInGrams": 3000,
          "SupplyLimitMessage": "'Farmers' Own Full Cream Milk' has a supply limit of 36. The quantity in your trolley has been reduced accordingly. To purchase a larger quantity, please contact us on 1800 000 610, or e-mail us at shoponline@woolworths.com.au. Please note - we do not supply trade orders.",
          "SmallFormatDescription": "Farmers' Own Full Cream Milk",
          "IsAvailable": true,
          "AgeRestricted": false,
          "DisplayQuantity": 1,
          "RichDescription": "",
          "IsDeliveryPass": false,
          "HideWasSavedPrice": false
        }
      ],
      "Name": " Farmers' Own Full Cream Milk "
    },
    {
      "Products": [
        {
          "Stockcode": 412176,
          "CupPrice": 2,
          "CupMeasure": "1L",
          "CupString": "$2.00 / 1L",
          "HasCupPrice": true,
          "Price": 3.99,
          "Name": "Dairy Farmers Milk Pure & Creamy",
          "UrlFriendlyName": "dairy-farmers-milk-pure-creamy",
          "Description": " Dairy Farmers Milk Pure &<br>Creamy 2l",
          "SmallImageFile": "/Content/wowProductImages/small/default.png",
          "MediumImageFile": "/Content/wowProductImages/medium/default.png",
          "LargeImageFile": "/Content/wowProductImages/large/default.png",
          "IsOnSpecial": false,
          "IsEdrSpecial": false,
          "SavingsAmount": 0.00,
          "WasPrice": 3.99,
          "QuantityInTrolley": 0,
          "Unit": "Each",
          "MinimumQuantity": 1,
          "IsInTrolley": false,
          "Source": "SearchProducts",
          "SupplyLimit": 36,
          "PackageSize": "2l",
          "IsPmDelivery": false,
          "IsForCollection": true,
          "IsForDelivery": true,
          "ImageTag": {
            "TagContent": null,
            "TagLink": null,
            "FallbackText": "",
            "TagType": "None"
          },
          "CentreTag": {
            "TagContent": null,
            "TagLink": null,
            "FallbackText": null,
            "TagType": "None"
          },
          "FooterTag": {
            "TagContent": null,
            "TagLink": null,
            "FallbackText": null,
            "TagType": "None"
          },
          "IsCentreTag": false,
          "IsFooterEnabled": false,
          "UnitWeightInGrams": 2640,
          "SupplyLimitMessage": "'Dairy Farmers Milk Pure & Creamy' has a supply limit of 36. The quantity in your trolley has been reduced accordingly. To purchase a larger quantity, please contact us on 1800 000 610, or e-mail us at shoponline@woolworths.com.au. Please note - we do not supply trade orders.",
          "SmallFormatDescription": "Dairy Farmers Milk Pure & Creamy",
          "IsAvailable": true,
          "AgeRestricted": false,
          "DisplayQuantity": 1,
          "RichDescription": "",
          "IsDeliveryPass": false,
          "HideWasSavedPrice": false
        }
      ],
      "Name": " Dairy Farmers Milk Pure &<br>Creamy "
    },
    {
      "Products": [
        {
          "Stockcode": 404980,
          "CupPrice": 2.65,
          "CupMeasure": "1L",
          "CupString": "$2.65 / 1L",
          "HasCupPrice": true,
          "Price": 1.99,
          "Name": "Pauls Farmhouse Gold Milk",
          "UrlFriendlyName": "pauls-farmhouse-gold-milk",
          "Description": " Pauls Farmhouse Gold Milk 750ml",
          "SmallImageFile": "/Content/wowProductImages/small/404980.jpg",
          "MediumImageFile": "/Content/wowProductImages/medium/404980.jpg",
          "LargeImageFile": "/Content/wowProductImages/large/404980.jpg",
          "IsOnSpecial": false,
          "IsEdrSpecial": false,
          "SavingsAmount": 0.00,
          "WasPrice": 1.99,
          "QuantityInTrolley": 0,
          "Unit": "Each",
          "MinimumQuantity": 1,
          "IsInTrolley": false,
          "Source": "SearchProducts",
          "SupplyLimit": 36,
          "PackageSize": "750ml",
          "IsPmDelivery": false,
          "IsForCollection": true,
          "IsForDelivery": true,
          "ImageTag": {
            "TagContent": null,
            "TagLink": null,
            "FallbackText": "",
            "TagType": "None"
          },
          "CentreTag": {
            "TagContent": null,
            "TagLink": null,
            "FallbackText": null,
            "TagType": "None"
          },
          "FooterTag": {
            "TagContent": null,
            "TagLink": null,
            "FallbackText": null,
            "TagType": "None"
          },
          "IsCentreTag": false,
          "IsFooterEnabled": false,
          "UnitWeightInGrams": 821,
          "SupplyLimitMessage": "'Pauls Farmhouse Gold Milk' has a supply limit of 36. The quantity in your trolley has been reduced accordingly. To purchase a larger quantity, please contact us on 1800 000 610, or e-mail us at shoponline@woolworths.com.au. Please note - we do not supply trade orders.",
          "SmallFormatDescription": "Pauls Farmhouse Gold Milk",
          "IsAvailable": true,
          "AgeRestricted": false,
          "DisplayQuantity": 1,
          "RichDescription": "",
          "IsDeliveryPass": false,
          "HideWasSavedPrice": false
        }
      ],
      "Name": " Pauls Farmhouse Gold Milk "
    },
    {
      "Products": [
        {
          "Stockcode": 405010,
          "CupPrice": 1.99,
          "CupMeasure": "1L",
          "CupString": "$1.99 / 1L",
          "HasCupPrice": true,
          "Price": 2.99,
          "Name": "Pauls Farmhouse Gold Milk",
          "UrlFriendlyName": "pauls-farmhouse-gold-milk",
          "Description": " Pauls Farmhouse Gold Milk 1.5l",
          "SmallImageFile": "/Content/wowProductImages/small/405010.jpg",
          "MediumImageFile": "/Content/wowProductImages/medium/405010.jpg",
          "LargeImageFile": "/Content/wowProductImages/large/405010.jpg",
          "IsOnSpecial": false,
          "IsEdrSpecial": false,
          "SavingsAmount": 0.00,
          "WasPrice": 2.99,
          "QuantityInTrolley": 0,
          "Unit": "Each",
          "MinimumQuantity": 1,
          "IsInTrolley": false,
          "Source": "SearchProducts",
          "SupplyLimit": 36,
          "PackageSize": "1.5l",
          "IsPmDelivery": false,
          "IsForCollection": true,
          "IsForDelivery": true,
          "ImageTag": {
            "TagContent": null,
            "TagLink": null,
            "FallbackText": "",
            "TagType": "None"
          },
          "CentreTag": {
            "TagContent": null,
            "TagLink": null,
            "FallbackText": null,
            "TagType": "None"
          },
          "FooterTag": {
            "TagContent": null,
            "TagLink": null,
            "FallbackText": null,
            "TagType": "None"
          },
          "IsCentreTag": false,
          "IsFooterEnabled": false,
          "UnitWeightInGrams": 1617,
          "SupplyLimitMessage": "'Pauls Farmhouse Gold Milk' has a supply limit of 36. The quantity in your trolley has been reduced accordingly. To purchase a larger quantity, please contact us on 1800 000 610, or e-mail us at shoponline@woolworths.com.au. Please note - we do not supply trade orders.",
          "SmallFormatDescription": "Pauls Farmhouse Gold Milk",
          "IsAvailable": true,
          "AgeRestricted": false,
          "DisplayQuantity": 1,
          "RichDescription": "",
          "IsDeliveryPass": false,
          "HideWasSavedPrice": false
        }
      ],
      "Name": " Pauls Farmhouse Gold Milk "
    },
    {
      "Products": [
        {
          "Stockcode": 785722,
          "CupPrice": 2.48,
          "CupMeasure": "1L",
          "CupString": "$2.48 / 1L",
          "HasCupPrice": true,
          "Price": 4.95,
          "Name": "Pauls Zymil Full Cream Milk",
          "UrlFriendlyName": "pauls-zymil-full-cream-milk",
          "Description": " Pauls Zymil Full Cream Milk 2l",
          "SmallImageFile": "/Content/wowProductImages/small/785722.JPG",
          "MediumImageFile": "/Content/wowProductImages/medium/785722.JPG",
          "LargeImageFile": "/Content/wowProductImages/medium/785722.JPG",
          "IsOnSpecial": false,
          "IsEdrSpecial": false,
          "SavingsAmount": 0.00,
          "WasPrice": 4.95,
          "QuantityInTrolley": 0,
          "Unit": "Each",
          "MinimumQuantity": 1,
          "IsInTrolley": false,
          "Source": "SearchProducts",
          "SupplyLimit": 36,
          "PackageSize": "2l",
          "IsPmDelivery": false,
          "IsForCollection": true,
          "IsForDelivery": true,
          "ImageTag": {
            "TagContent": "/Content/PromotionTags/final-aus-made.png",
            "TagLink": "/Shop/ProductGroup/35385",
            "FallbackText": "AUSTRALIAN MADE",
            "TagType": "None"
          },
          "CentreTag": {
            "TagContent": null,
            "TagLink": null,
            "FallbackText": null,
            "TagType": "None"
          },
          "FooterTag": {
            "TagContent": null,
            "TagLink": null,
            "FallbackText": null,
            "TagType": "None"
          },
          "IsCentreTag": false,
          "IsFooterEnabled": false,
          "UnitWeightInGrams": 2000,
          "SupplyLimitMessage": "'Pauls Zymil Full Cream Milk' has a supply limit of 36. The quantity in your trolley has been reduced accordingly. To purchase a larger quantity, please contact us on 1800 000 610, or e-mail us at shoponline@woolworths.com.au. Please note - we do not supply trade orders.",
          "SmallFormatDescription": "Pauls Zymil Full Cream Milk",
          "IsAvailable": true,
          "AgeRestricted": false,
          "DisplayQuantity": 1,
          "RichDescription": "pauls zymil milk is simply real milk, lactose free.",
          "IsDeliveryPass": false,
          "HideWasSavedPrice": false
        }
      ],
      "Name": " Pauls Zymil Full Cream Milk "
    },
    {
      "Products": [
        {
          "Stockcode": 404981,
          "CupPrice": 2.65,
          "CupMeasure": "1L",
          "CupString": "$2.65 / 1L",
          "HasCupPrice": true,
          "Price": 1.99,
          "Name": "Paul's Farmhouse Gold Full Cream Milk Unhomogenised",
          "UrlFriendlyName": "paul-s-farmhouse-gold-full-cream-milk-unhomogenised",
          "Description": " Paul's Farmhouse Gold Full<br>Cream Milk... 750ml",
          "SmallImageFile": "/Content/wowProductImages/small/404981.jpg",
          "MediumImageFile": "/Content/wowProductImages/medium/404981.jpg",
          "LargeImageFile": "/Content/wowProductImages/large/404981.jpg",
          "IsOnSpecial": false,
          "IsEdrSpecial": false,
          "SavingsAmount": 0.00,
          "WasPrice": 1.99,
          "QuantityInTrolley": 0,
          "Unit": "Each",
          "MinimumQuantity": 1,
          "IsInTrolley": false,
          "Source": "SearchProducts",
          "SupplyLimit": 36,
          "PackageSize": "750ml",
          "IsPmDelivery": false,
          "IsForCollection": true,
          "IsForDelivery": true,
          "ImageTag": {
            "TagContent": null,
            "TagLink": null,
            "FallbackText": "",
            "TagType": "None"
          },
          "CentreTag": {
            "TagContent": null,
            "TagLink": null,
            "FallbackText": null,
            "TagType": "None"
          },
          "FooterTag": {
            "TagContent": null,
            "TagLink": null,
            "FallbackText": null,
            "TagType": "None"
          },
          "IsCentreTag": false,
          "IsFooterEnabled": false,
          "UnitWeightInGrams": 821,
          "SupplyLimitMessage": "'Paul's Farmhouse Gold Full Cream Milk Unhomogenised' has a supply limit of 36. The quantity in your trolley has been reduced accordingly. To purchase a larger quantity, please contact us on 1800 000 610, or e-mail us at shoponline@woolworths.com.au. Please note - we do not supply trade orders.",
          "SmallFormatDescription": "Paul's Farmhouse Gold Full Cream Milk Unhomogenised",
          "IsAvailable": true,
          "AgeRestricted": false,
          "DisplayQuantity": 1,
          "RichDescription": "",
          "IsDeliveryPass": false,
          "HideWasSavedPrice": false
        }
      ],
      "Name": " Paul's Farmhouse Gold Full<br>Cream Milk Unhomogenised "
    },
    {
      "Products": [
        {
          "Stockcode": 404984,
          "CupPrice": 1.99,
          "CupMeasure": "1L",
          "CupString": "$1.99 / 1L",
          "HasCupPrice": true,
          "Price": 2.99,
          "Name": "Paul's Farmhouse Gold Full Cream Milk Unhomogenised",
          "UrlFriendlyName": "paul-s-farmhouse-gold-full-cream-milk-unhomogenised",
          "Description": " Paul's Farmhouse Gold Full<br>Cream Milk... 1.5l",
          "SmallImageFile": "/Content/wowProductImages/small/404984.JPG",
          "MediumImageFile": "/Content/wowProductImages/medium/404984.JPG",
          "LargeImageFile": "/Content/wowProductImages/large/404984.JPG",
          "IsOnSpecial": false,
          "IsEdrSpecial": false,
          "SavingsAmount": 0.00,
          "WasPrice": 2.99,
          "QuantityInTrolley": 0,
          "Unit": "Each",
          "MinimumQuantity": 1,
          "IsInTrolley": false,
          "Source": "SearchProducts",
          "SupplyLimit": 36,
          "PackageSize": "1.5l",
          "IsPmDelivery": false,
          "IsForCollection": true,
          "IsForDelivery": true,
          "ImageTag": {
            "TagContent": null,
            "TagLink": null,
            "FallbackText": "",
            "TagType": "None"
          },
          "CentreTag": {
            "TagContent": null,
            "TagLink": null,
            "FallbackText": null,
            "TagType": "None"
          },
          "FooterTag": {
            "TagContent": null,
            "TagLink": null,
            "FallbackText": null,
            "TagType": "None"
          },
          "IsCentreTag": false,
          "IsFooterEnabled": false,
          "UnitWeightInGrams": 1617,
          "SupplyLimitMessage": "'Paul's Farmhouse Gold Full Cream Milk Unhomogenised' has a supply limit of 36. The quantity in your trolley has been reduced accordingly. To purchase a larger quantity, please contact us on 1800 000 610, or e-mail us at shoponline@woolworths.com.au. Please note - we do not supply trade orders.",
          "SmallFormatDescription": "Paul's Farmhouse Gold Full Cream Milk Unhomogenised",
          "IsAvailable": true,
          "AgeRestricted": false,
          "DisplayQuantity": 1,
          "RichDescription": "",
          "IsDeliveryPass": false,
          "HideWasSavedPrice": false
        }
      ],
      "Name": " Paul's Farmhouse Gold Full<br>Cream Milk Unhomogenised "
    },
    {
      "Products": [
        {
          "Stockcode": 746738,
          "CupPrice": 1.73,
          "CupMeasure": "1L",
          "CupString": "$1.73 / 1L",
          "HasCupPrice": true,
          "Price": 3.45,
          "Name": "Farmers' Own Full Cream Milk Unhomogenised",
          "UrlFriendlyName": "farmers-own-full-cream-milk-unhomogenised",
          "Description": " Farmers' Own Full Cream Milk<br>Unhomogenised 2l",
          "SmallImageFile": "/Content/wowProductImages/small/746738.jpg",
          "MediumImageFile": "/Content/wowProductImages/medium/746738.jpg",
          "LargeImageFile": "/Content/wowProductImages/medium/746738.jpg",
          "IsOnSpecial": false,
          "IsEdrSpecial": false,
          "SavingsAmount": 0.00,
          "WasPrice": 3.45,
          "QuantityInTrolley": 0,
          "Unit": "Each",
          "MinimumQuantity": 1,
          "IsInTrolley": false,
          "Source": "SearchProducts",
          "SupplyLimit": 36,
          "PackageSize": "2l",
          "IsPmDelivery": false,
          "IsForCollection": true,
          "IsForDelivery": true,
          "ImageTag": {
            "TagContent": "/Content/PromotionTags/local-seals-nsw.png",
            "TagLink": "/Shop/ProductGroup/0107-homepage-locally-made-nsw",
            "FallbackText": "LOCALLY MADE",
            "TagType": "None"
          },
          "CentreTag": {
            "TagContent": null,
            "TagLink": null,
            "FallbackText": null,
            "TagType": "None"
          },
          "FooterTag": {
            "TagContent": null,
            "TagLink": null,
            "FallbackText": null,
            "TagType": "None"
          },
          "IsCentreTag": false,
          "IsFooterEnabled": false,
          "UnitWeightInGrams": 2112,
          "SupplyLimitMessage": "'Farmers' Own Full Cream Milk Unhomogenised' has a supply limit of 36. The quantity in your trolley has been reduced accordingly. To purchase a larger quantity, please contact us on 1800 000 610, or e-mail us at shoponline@woolworths.com.au. Please note - we do not supply trade orders.",
          "SmallFormatDescription": "Farmers' Own Full Cream Milk Unhomogenised",
          "IsAvailable": true,
          "AgeRestricted": false,
          "DisplayQuantity": 1,
          "RichDescription": "we are proud to announce our farmers' own homogenised milk fresh from manning valley, nsw, has won gold in the 2014 royal melbourne fine food awards. support local farmers and drink the milk your farmer drinks.",
          "IsDeliveryPass": false,
          "HideWasSavedPrice": false
        }
      ],
      "Name": " Farmers' Own Full Cream Milk<br>Unhomogenised "
    },
    {
      "Products": [
        {
          "Stockcode": 786817,
          "CupPrice": 1.6,
          "CupMeasure": "1L",
          "CupString": "$1.60 / 1L",
          "HasCupPrice": true,
          "Price": 4.79,
          "Name": "Farmers' Own Unhomogenised Full Cream Milk",
          "UrlFriendlyName": "farmers-own-unhomogenised-full-cream-milk",
          "Description": " Farmers' Own Unhomogenised<br>Full Cream Milk 3l",
          "SmallImageFile": "/Content/wowProductImages/small/786817.JPG",
          "MediumImageFile": "/Content/wowProductImages/medium/786817.JPG",
          "LargeImageFile": "/Content/wowProductImages/large/786817.JPG",
          "IsOnSpecial": false,
          "IsEdrSpecial": false,
          "SavingsAmount": 0.00,
          "WasPrice": 4.79,
          "QuantityInTrolley": 0,
          "Unit": "Each",
          "MinimumQuantity": 1,
          "IsInTrolley": false,
          "Source": "SearchProducts",
          "SupplyLimit": 36,
          "PackageSize": "3l",
          "IsPmDelivery": false,
          "IsForCollection": true,
          "IsForDelivery": true,
          "ImageTag": {
            "TagContent": "/Content/PromotionTags/local-seals-nsw.png",
            "TagLink": "/Shop/ProductGroup/0107-homepage-locally-made-nsw",
            "FallbackText": "LOCALLY MADE",
            "TagType": "None"
          },
          "CentreTag": {
            "TagContent": null,
            "TagLink": null,
            "FallbackText": null,
            "TagType": "None"
          },
          "FooterTag": {
            "TagContent": null,
            "TagLink": null,
            "FallbackText": null,
            "TagType": "None"
          },
          "IsCentreTag": false,
          "IsFooterEnabled": false,
          "UnitWeightInGrams": 3000,
          "SupplyLimitMessage": "'Farmers' Own Unhomogenised Full Cream Milk' has a supply limit of 36. The quantity in your trolley has been reduced accordingly. To purchase a larger quantity, please contact us on 1800 000 610, or e-mail us at shoponline@woolworths.com.au. Please note - we do not supply trade orders.",
          "SmallFormatDescription": "Farmers' Own Unhomogenised Full Cream Milk",
          "IsAvailable": true,
          "AgeRestricted": false,
          "DisplayQuantity": 1,
          "RichDescription": "",
          "IsDeliveryPass": false,
          "HideWasSavedPrice": false
        }
      ],
      "Name": " Farmers' Own Unhomogenised<br>Full Cream Milk "
    },
    {
      "Products": [
        {
          "Stockcode": 216872,
          "CupPrice": 2.85,
          "CupMeasure": "1L",
          "CupString": "$2.85 / 1L",
          "HasCupPrice": true,
          "Price": 2.85,
          "Name": "A2 Full Cream Milk",
          "UrlFriendlyName": "a2-full-cream-milk",
          "Description": " A2 Full Cream Milk 1l",
          "SmallImageFile": "/Content/wowProductImages/small/216872.jpg",
          "MediumImageFile": "/Content/wowProductImages/medium/216872.jpg",
          "LargeImageFile": "/Content/wowProductImages/medium/216872.jpg",
          "IsOnSpecial": false,
          "IsEdrSpecial": false,
          "SavingsAmount": 0.00,
          "WasPrice": 2.85,
          "QuantityInTrolley": 0,
          "Unit": "Each",
          "MinimumQuantity": 1,
          "IsInTrolley": false,
          "Source": "SearchProducts",
          "SupplyLimit": 36,
          "PackageSize": "1l",
          "IsPmDelivery": false,
          "IsForCollection": true,
          "IsForDelivery": true,
          "ImageTag": {
            "TagContent": null,
            "TagLink": null,
            "FallbackText": "",
            "TagType": "None"
          },
          "CentreTag": {
            "TagContent": null,
            "TagLink": null,
            "FallbackText": null,
            "TagType": "None"
          },
          "FooterTag": {
            "TagContent": null,
            "TagLink": null,
            "FallbackText": null,
            "TagType": "None"
          },
          "IsCentreTag": false,
          "IsFooterEnabled": false,
          "UnitWeightInGrams": 1080,
          "SupplyLimitMessage": "'A2 Full Cream Milk' has a supply limit of 36. The quantity in your trolley has been reduced accordingly. To purchase a larger quantity, please contact us on 1800 000 610, or e-mail us at shoponline@woolworths.com.au. Please note - we do not supply trade orders.",
          "SmallFormatDescription": "A2 Full Cream Milk",
          "IsAvailable": true,
          "AgeRestricted": false,
          "DisplayQuantity": 1,
          "RichDescription": "creamy, delicious a2 milk™ full cream contains less than 4g of fat per 100ml and can be enjoyed by the whole family.  regular cows' milk today contains 2 main types of beta-casein protein, a1 and a2.  you can avoid the a1 protein in regular milk by drinking pure and natural a2 milk™, the only milk from cows specially selected to naturally produce only the a2 protein, and not a1.  many people say they can feel the difference!",
          "IsDeliveryPass": false,
          "HideWasSavedPrice": false
        },
        {
          "Stockcode": 208064,
          "CupPrice": 2.35,
          "CupMeasure": "1L",
          "CupString": "$2.35 / 1L",
          "HasCupPrice": true,
          "Price": 4.69,
          "Name": "A2 Full Cream Milk",
          "UrlFriendlyName": "a2-full-cream-milk",
          "Description": " A2 Full Cream Milk 2l",
          "SmallImageFile": "/Content/wowProductImages/small/208064.jpg",
          "MediumImageFile": "/Content/wowProductImages/medium/208064.jpg",
          "LargeImageFile": "/Content/wowProductImages/medium/208064.jpg",
          "IsOnSpecial": false,
          "IsEdrSpecial": false,
          "SavingsAmount": 0.00,
          "WasPrice": 4.69,
          "QuantityInTrolley": 0,
          "Unit": "Each",
          "MinimumQuantity": 1,
          "IsInTrolley": false,
          "Source": "SearchProducts",
          "SupplyLimit": 36,
          "PackageSize": "2l",
          "IsPmDelivery": false,
          "IsForCollection": true,
          "IsForDelivery": true,
          "ImageTag": {
            "TagContent": null,
            "TagLink": null,
            "FallbackText": "",
            "TagType": "None"
          },
          "CentreTag": {
            "TagContent": null,
            "TagLink": null,
            "FallbackText": null,
            "TagType": "None"
          },
          "FooterTag": {
            "TagContent": "<div class=\"productTag-lowerpricealways\" style=\"\r\nheight:46px;\r\nposition:absolute;\r\ntop:-2px;\r\nleft:0;\r\nwidth:100%;\r\nbackground:#c20016;\r\ntext-align:center;\r\n\">\r\n<img src=\"/Content/Content/LPA_footer_img2.png\" width=\"166px\" height=\"13px\" alt=\"Lower Price Always\" style=\"display:inline-block; margin-top:15px;\">\r\n</div>\r\n<style>\r\n.cardViewCompact wow-shelf-product:not(.override-global-size) .card:not(.is-smallFormat).shelfProductStamp .productTag-lowerpricealways img{\r\n                max-width: 90%;\r\n}\r\n</style>",
            "TagLink": null,
            "FallbackText": null,
            "TagType": "Html"
          },
          "IsCentreTag": false,
          "IsFooterEnabled": true,
          "UnitWeightInGrams": 2112,
          "SupplyLimitMessage": "'A2 Full Cream Milk' has a supply limit of 36. The quantity in your trolley has been reduced accordingly. To purchase a larger quantity, please contact us on 1800 000 610, or e-mail us at shoponline@woolworths.com.au. Please note - we do not supply trade orders.",
          "SmallFormatDescription": "A2 Full Cream Milk",
          "IsAvailable": true,
          "AgeRestricted": false,
          "DisplayQuantity": 1,
          "RichDescription": "creamy, delicious a2 milk™ full cream contains less than 4g of fat per 100ml and can be enjoyed by the whole family.  regular cows' milk today contains 2 main types of beta-casein protein, a1 and a2.  you can avoid the a1 protein in regular milk by drinking pure and natural a2 milk™, the only milk from cows specially selected to naturally produce only the a2 protein, and not a1.  many people say they can feel the difference!",
          "IsDeliveryPass": false,
          "HideWasSavedPrice": false
        }
      ],
      "Name": " A2 Full Cream Bottle "
    },
    {
      "Products": [
        {
          "Stockcode": 407509,
          "CupPrice": 2.49,
          "CupMeasure": "1L",
          "CupString": "$2.49 / 1L",
          "HasCupPrice": true,
          "Price": 2.49,
          "Name": "The Complete Dairy Full Cream Milk",
          "UrlFriendlyName": "the-complete-dairy-full-cream-milk",
          "Description": " The Complete Dairy Full<br>Cream Milk 1l",
          "SmallImageFile": "/Content/wowProductImages/small/407509.jpg",
          "MediumImageFile": "/Content/wowProductImages/medium/407509.jpg",
          "LargeImageFile": "/Content/wowProductImages/large/407509.jpg",
          "IsOnSpecial": true,
          "IsEdrSpecial": false,
          "SavingsAmount": 0.50,
          "WasPrice": 2.99,
          "QuantityInTrolley": 0,
          "Unit": "Each",
          "MinimumQuantity": 1,
          "IsInTrolley": false,
          "Source": "SearchProducts",
          "SupplyLimit": 36,
          "PackageSize": "1l",
          "IsPmDelivery": false,
          "IsForCollection": true,
          "IsForDelivery": true,
          "ImageTag": {
            "TagContent": "/Content/PromotionTags/final-special.png",
            "TagLink": "",
            "FallbackText": "On Special",
            "TagType": "None"
          },
          "CentreTag": {
            "TagContent": null,
            "TagLink": null,
            "FallbackText": null,
            "TagType": "None"
          },
          "FooterTag": {
            "TagContent": null,
            "TagLink": null,
            "FallbackText": null,
            "TagType": "None"
          },
          "IsCentreTag": false,
          "IsFooterEnabled": false,
          "UnitWeightInGrams": 1077,
          "SupplyLimitMessage": "'The Complete Dairy Full Cream Milk' has a supply limit of 36. The quantity in your trolley has been reduced accordingly. To purchase a larger quantity, please contact us on 1800 000 610, or e-mail us at shoponline@woolworths.com.au. Please note - we do not supply trade orders.",
          "SmallFormatDescription": "The Complete Dairy Full Cream Milk",
          "IsAvailable": true,
          "AgeRestricted": false,
          "DisplayQuantity": 1,
          "RichDescription": "",
          "IsDeliveryPass": false,
          "HideWasSavedPrice": false
        }
      ],
      "Name": " The Complete Dairy Full Cream<br>Milk "
    },
    {
      "Products": [
        {
          "Stockcode": 757826,
          "CupPrice": 1.65,
          "CupMeasure": "1L",
          "CupString": "$1.65 / 1L",
          "HasCupPrice": true,
          "Price": 3.29,
          "Name": "Farmers' Own Full Cream Homogenised",
          "UrlFriendlyName": "farmers-own-full-cream-homogenised",
          "Description": " Farmers' Own Full Cream<br>Homogenised 2l",
          "SmallImageFile": "/Content/wowProductImages/small/757826.JPG",
          "MediumImageFile": "/Content/wowProductImages/medium/757826.JPG",
          "LargeImageFile": "/Content/wowProductImages/medium/757826.JPG",
          "IsOnSpecial": false,
          "IsEdrSpecial": false,
          "SavingsAmount": 0.00,
          "WasPrice": 3.29,
          "QuantityInTrolley": 0,
          "Unit": "Each",
          "MinimumQuantity": 1,
          "IsInTrolley": false,
          "Source": "SearchProducts",
          "SupplyLimit": 36,
          "PackageSize": "2l",
          "IsPmDelivery": false,
          "IsForCollection": true,
          "IsForDelivery": true,
          "ImageTag": {
            "TagContent": "/Content/PromotionTags/local-seals-nsw.png",
            "TagLink": "/Shop/ProductGroup/0107-homepage-locally-made-nsw",
            "FallbackText": "LOCALLY MADE",
            "TagType": "None"
          },
          "CentreTag": {
            "TagContent": null,
            "TagLink": null,
            "FallbackText": null,
            "TagType": "None"
          },
          "FooterTag": {
            "TagContent": null,
            "TagLink": null,
            "FallbackText": null,
            "TagType": "None"
          },
          "IsCentreTag": false,
          "IsFooterEnabled": false,
          "UnitWeightInGrams": 2112,
          "SupplyLimitMessage": "'Farmers' Own Full Cream Homogenised' has a supply limit of 36. The quantity in your trolley has been reduced accordingly. To purchase a larger quantity, please contact us on 1800 000 610, or e-mail us at shoponline@woolworths.com.au. Please note - we do not supply trade orders.",
          "SmallFormatDescription": "Farmers' Own Full Cream Homogenised",
          "IsAvailable": true,
          "AgeRestricted": false,
          "DisplayQuantity": 1,
          "RichDescription": "we are proud to announce our farmers' own homogenised milk fresh from manning valley, nsw, has won gold in the 2014 royal melbourne fine food awards. support local farmers and drink the milk your farmer drinks.",
          "IsDeliveryPass": false,
          "HideWasSavedPrice": false
        }
      ],
      "Name": " Farmers' Own Full Cream<br>Homogenised "
    },
    {
      "Products": [
        {
          "Stockcode": 113887,
          "CupPrice": 1.5,
          "CupMeasure": "1L",
          "CupString": "$1.50 / 1L",
          "HasCupPrice": true,
          "Price": 2.99,
          "Name": "Riverina Full Cream Milk",
          "UrlFriendlyName": "riverina-full-cream-milk",
          "Description": " Riverina Full Cream Milk 2l",
          "SmallImageFile": "/Content/wowProductImages/small/113887.jpg",
          "MediumImageFile": "/Content/wowProductImages/medium/113887.jpg",
          "LargeImageFile": "/Content/wowProductImages/large/113887.jpg",
          "IsOnSpecial": false,
          "IsEdrSpecial": false,
          "SavingsAmount": 0.00,
          "WasPrice": 2.99,
          "QuantityInTrolley": 0,
          "Unit": "Each",
          "MinimumQuantity": 1,
          "IsInTrolley": false,
          "Source": "SearchProducts",
          "SupplyLimit": 36,
          "PackageSize": "2l",
          "IsPmDelivery": false,
          "IsForCollection": true,
          "IsForDelivery": true,
          "ImageTag": {
            "TagContent": null,
            "TagLink": null,
            "FallbackText": "",
            "TagType": "None"
          },
          "CentreTag": {
            "TagContent": null,
            "TagLink": null,
            "FallbackText": null,
            "TagType": "None"
          },
          "FooterTag": {
            "TagContent": null,
            "TagLink": null,
            "FallbackText": null,
            "TagType": "None"
          },
          "IsCentreTag": false,
          "IsFooterEnabled": false,
          "UnitWeightInGrams": 2130,
          "SupplyLimitMessage": "'Riverina Full Cream Milk' has a supply limit of 36. The quantity in your trolley has been reduced accordingly. To purchase a larger quantity, please contact us on 1800 000 610, or e-mail us at shoponline@woolworths.com.au. Please note - we do not supply trade orders.",
          "SmallFormatDescription": "Riverina Full Cream Milk",
          "IsAvailable": true,
          "AgeRestricted": false,
          "DisplayQuantity": 1,
          "RichDescription": "riverina fresh has been producing consistent, quality milk since 1922. our milk is sourced from a dedicated group of just over twenty pasture-based dairy farms tucked away in the lush farmland of the riverina region in nsw.\r\n\r\nriverina fresh milk has a smooth, full bodied flavour and is packed with natural goodness which is why it’s an award winning milk – most recently gold for our full fat milk at the dairy industry association of australia (diaa) 2014 awards.",
          "IsDeliveryPass": false,
          "HideWasSavedPrice": false
        }
      ],
      "Name": " Riverina  Full Cream "
    },
    {
      "Products": [
        {
          "Stockcode": 50923,
          "CupPrice": 1.25,
          "CupMeasure": "1L",
          "CupString": "$1.25 / 1L",
          "HasCupPrice": true,
          "Price": 1.25,
          "Name": "Woolworths Select Full Cream Milk",
          "UrlFriendlyName": "woolworths-select-full-cream-milk",
          "Description": " Woolworths Select Full Cream<br>Milk 1l",
          "SmallImageFile": "/Content/wowProductImages/small/050923.jpg",
          "MediumImageFile": "/Content/wowProductImages/medium/050923.jpg",
          "LargeImageFile": "/Content/wowProductImages/medium/050923.jpg",
          "IsOnSpecial": false,
          "IsEdrSpecial": false,
          "SavingsAmount": 0.00,
          "WasPrice": 1.25,
          "QuantityInTrolley": 0,
          "Unit": "Each",
          "MinimumQuantity": 1,
          "IsInTrolley": false,
          "Source": "SearchProducts",
          "SupplyLimit": 36,
          "PackageSize": "1l",
          "IsPmDelivery": false,
          "IsForCollection": true,
          "IsForDelivery": true,
          "ImageTag": {
            "TagContent": null,
            "TagLink": null,
            "FallbackText": "",
            "TagType": "None"
          },
          "CentreTag": {
            "TagContent": null,
            "TagLink": null,
            "FallbackText": null,
            "TagType": "None"
          },
          "FooterTag": {
            "TagContent": "<div class=\"productTag-lowerpricealways\" style=\"\r\nheight:46px;\r\nposition:absolute;\r\ntop:-2px;\r\nleft:0;\r\nwidth:100%;\r\nbackground:#c20016;\r\ntext-align:center;\r\n\">\r\n<img src=\"/Content/Content/LPA_footer_img2.png\" width=\"166px\" height=\"13px\" alt=\"Lower Price Always\" style=\"display:inline-block; margin-top:15px;\">\r\n</div>\r\n<style>\r\n.cardViewCompact wow-shelf-product:not(.override-global-size) .card:not(.is-smallFormat).shelfProductStamp .productTag-lowerpricealways img{\r\n                max-width: 90%;\r\n}\r\n</style>",
            "TagLink": null,
            "FallbackText": null,
            "TagType": "Html"
          },
          "IsCentreTag": false,
          "IsFooterEnabled": true,
          "UnitWeightInGrams": 1000,
          "SupplyLimitMessage": "'Woolworths Select Full Cream Milk' has a supply limit of 36. The quantity in your trolley has been reduced accordingly. To purchase a larger quantity, please contact us on 1800 000 610, or e-mail us at shoponline@woolworths.com.au. Please note - we do not supply trade orders.",
          "SmallFormatDescription": "Woolworths Select Full Cream Milk",
          "IsAvailable": true,
          "AgeRestricted": false,
          "DisplayQuantity": 1,
          "RichDescription": "",
          "IsDeliveryPass": false,
          "HideWasSavedPrice": false
        },
        {
          "Stockcode": 15311,
          "CupPrice": 1,
          "CupMeasure": "1L",
          "CupString": "$1.00 / 1L",
          "HasCupPrice": true,
          "Price": 2,
          "Name": "Woolworths Select Full Cream Milk",
          "UrlFriendlyName": "woolworths-select-full-cream-milk",
          "Description": " Woolworths Select Full Cream<br>Milk 2l",
          "SmallImageFile": "/Content/wowProductImages/small/015311.jpg",
          "MediumImageFile": "/Content/wowProductImages/medium/015311.jpg",
          "LargeImageFile": "/Content/wowProductImages/medium/015311.jpg",
          "IsOnSpecial": false,
          "IsEdrSpecial": false,
          "SavingsAmount": 0,
          "WasPrice": 2,
          "QuantityInTrolley": 0,
          "Unit": "Each",
          "MinimumQuantity": 1,
          "IsInTrolley": false,
          "Source": "SearchProducts",
          "SupplyLimit": 36,
          "PackageSize": "2l",
          "IsPmDelivery": false,
          "IsForCollection": true,
          "IsForDelivery": true,
          "ImageTag": {
            "TagContent": null,
            "TagLink": null,
            "FallbackText": "",
            "TagType": "None"
          },
          "CentreTag": {
            "TagContent": null,
            "TagLink": null,
            "FallbackText": null,
            "TagType": "None"
          },
          "FooterTag": {
            "TagContent": "<div class=\"productTag-lowerpricealways\" style=\"\r\nheight:46px;\r\nposition:absolute;\r\ntop:-2px;\r\nleft:0;\r\nwidth:100%;\r\nbackground:#c20016;\r\ntext-align:center;\r\n\">\r\n<img src=\"/Content/Content/LPA_footer_img2.png\" width=\"166px\" height=\"13px\" alt=\"Lower Price Always\" style=\"display:inline-block; margin-top:15px;\">\r\n</div>\r\n<style>\r\n.cardViewCompact wow-shelf-product:not(.override-global-size) .card:not(.is-smallFormat).shelfProductStamp .productTag-lowerpricealways img{\r\n                max-width: 90%;\r\n}\r\n</style>",
            "TagLink": null,
            "FallbackText": null,
            "TagType": "Html"
          },
          "IsCentreTag": false,
          "IsFooterEnabled": true,
          "UnitWeightInGrams": 2000,
          "SupplyLimitMessage": "'Woolworths Select Full Cream Milk' has a supply limit of 36. The quantity in your trolley has been reduced accordingly. To purchase a larger quantity, please contact us on 1800 000 610, or e-mail us at shoponline@woolworths.com.au. Please note - we do not supply trade orders.",
          "SmallFormatDescription": "Woolworths Select Full Cream Milk",
          "IsAvailable": true,
          "AgeRestricted": false,
          "DisplayQuantity": 1,
          "RichDescription": "",
          "IsDeliveryPass": false,
          "HideWasSavedPrice": false
        },
        {
          "Stockcode": 35968,
          "CupPrice": 1,
          "CupMeasure": "1L",
          "CupString": "$1.00 / 1L",
          "HasCupPrice": true,
          "Price": 3,
          "Name": "Woolworths Select Full Cream Milk",
          "UrlFriendlyName": "woolworths-select-full-cream-milk",
          "Description": " Woolworths Select Full Cream<br>Milk 3l",
          "SmallImageFile": "/Content/wowProductImages/small/035968.JPG",
          "MediumImageFile": "/Content/wowProductImages/medium/035968.JPG",
          "LargeImageFile": "/Content/wowProductImages/medium/035968.JPG",
          "IsOnSpecial": false,
          "IsEdrSpecial": false,
          "SavingsAmount": 0,
          "WasPrice": 3,
          "QuantityInTrolley": 0,
          "Unit": "Each",
          "MinimumQuantity": 1,
          "IsInTrolley": false,
          "Source": "SearchProducts",
          "SupplyLimit": 36,
          "PackageSize": "3l",
          "IsPmDelivery": false,
          "IsForCollection": true,
          "IsForDelivery": true,
          "ImageTag": {
            "TagContent": null,
            "TagLink": null,
            "FallbackText": "",
            "TagType": "None"
          },
          "CentreTag": {
            "TagContent": null,
            "TagLink": null,
            "FallbackText": null,
            "TagType": "None"
          },
          "FooterTag": {
            "TagContent": "<div class=\"productTag-lowerpricealways\" style=\"\r\nheight:46px;\r\nposition:absolute;\r\ntop:-2px;\r\nleft:0;\r\nwidth:100%;\r\nbackground:#c20016;\r\ntext-align:center;\r\n\">\r\n<img src=\"/Content/Content/LPA_footer_img2.png\" width=\"166px\" height=\"13px\" alt=\"Lower Price Always\" style=\"display:inline-block; margin-top:15px;\">\r\n</div>\r\n<style>\r\n.cardViewCompact wow-shelf-product:not(.override-global-size) .card:not(.is-smallFormat).shelfProductStamp .productTag-lowerpricealways img{\r\n                max-width: 90%;\r\n}\r\n</style>",
            "TagLink": null,
            "FallbackText": null,
            "TagType": "Html"
          },
          "IsCentreTag": false,
          "IsFooterEnabled": true,
          "UnitWeightInGrams": 3270,
          "SupplyLimitMessage": "'Woolworths Select Full Cream Milk' has a supply limit of 36. The quantity in your trolley has been reduced accordingly. To purchase a larger quantity, please contact us on 1800 000 610, or e-mail us at shoponline@woolworths.com.au. Please note - we do not supply trade orders.",
          "SmallFormatDescription": "Woolworths Select Full Cream Milk",
          "IsAvailable": true,
          "AgeRestricted": false,
          "DisplayQuantity": 1,
          "RichDescription": "",
          "IsDeliveryPass": false,
          "HideWasSavedPrice": false
        }
      ],
      "Name": " Woolworths Select Full Cream<br>Milk Large "
    },
    {
      "Products": [
        {
          "Stockcode": 145536,
          "CupPrice": 2.19,
          "CupMeasure": "1L",
          "CupString": "$2.19 / 1L",
          "HasCupPrice": true,
          "Price": 2.19,
          "Name": "Dairy Farmers Permeate Free Full Cream Milk",
          "UrlFriendlyName": "dairy-farmers-permeate-free-full-cream-milk",
          "Description": " Dairy Farmers Permeate Free<br>Full Cream Milk 1l",
          "SmallImageFile": "/Content/wowProductImages/small/145536.jpg",
          "MediumImageFile": "/Content/wowProductImages/medium/145536.jpg",
          "LargeImageFile": "/Content/wowProductImages/medium/145536.jpg",
          "IsOnSpecial": false,
          "IsEdrSpecial": false,
          "SavingsAmount": 0.00,
          "WasPrice": 2.19,
          "QuantityInTrolley": 0,
          "Unit": "Each",
          "MinimumQuantity": 1,
          "IsInTrolley": false,
          "Source": "SearchProducts",
          "SupplyLimit": 36,
          "PackageSize": "1l",
          "IsPmDelivery": false,
          "IsForCollection": true,
          "IsForDelivery": true,
          "ImageTag": {
            "TagContent": null,
            "TagLink": null,
            "FallbackText": "",
            "TagType": "None"
          },
          "CentreTag": {
            "TagContent": null,
            "TagLink": null,
            "FallbackText": null,
            "TagType": "None"
          },
          "FooterTag": {
            "TagContent": null,
            "TagLink": null,
            "FallbackText": null,
            "TagType": "None"
          },
          "IsCentreTag": false,
          "IsFooterEnabled": false,
          "UnitWeightInGrams": 1080,
          "SupplyLimitMessage": "'Dairy Farmers Permeate Free Full Cream Milk' has a supply limit of 36. The quantity in your trolley has been reduced accordingly. To purchase a larger quantity, please contact us on 1800 000 610, or e-mail us at shoponline@woolworths.com.au. Please note - we do not supply trade orders.",
          "SmallFormatDescription": "Dairy Farmers Permeate Free Full Cream Milk",
          "IsAvailable": true,
          "AgeRestricted": false,
          "DisplayQuantity": 1,
          "RichDescription": "",
          "IsDeliveryPass": false,
          "HideWasSavedPrice": false
        },
        {
          "Stockcode": 88436,
          "CupPrice": 1.5,
          "CupMeasure": "1L",
          "CupString": "$1.50 / 1L",
          "HasCupPrice": true,
          "Price": 2.99,
          "Name": "Dairy Farmers Permeate Free Full Cream Milk",
          "UrlFriendlyName": "dairy-farmers-permeate-free-full-cream-milk",
          "Description": " Dairy Farmers Permeate Free<br>Full Cream Milk 2l",
          "SmallImageFile": "/Content/wowProductImages/small/088436.jpg",
          "MediumImageFile": "/Content/wowProductImages/medium/088436.jpg",
          "LargeImageFile": "/Content/wowProductImages/medium/088436.jpg",
          "IsOnSpecial": false,
          "IsEdrSpecial": false,
          "SavingsAmount": 0.00,
          "WasPrice": 2.99,
          "QuantityInTrolley": 0,
          "Unit": "Each",
          "MinimumQuantity": 1,
          "IsInTrolley": false,
          "Source": "SearchProducts",
          "SupplyLimit": 36,
          "PackageSize": "2l",
          "IsPmDelivery": false,
          "IsForCollection": true,
          "IsForDelivery": true,
          "ImageTag": {
            "TagContent": null,
            "TagLink": null,
            "FallbackText": "",
            "TagType": "None"
          },
          "CentreTag": {
            "TagContent": null,
            "TagLink": null,
            "FallbackText": null,
            "TagType": "None"
          },
          "FooterTag": {
            "TagContent": null,
            "TagLink": null,
            "FallbackText": null,
            "TagType": "None"
          },
          "IsCentreTag": false,
          "IsFooterEnabled": false,
          "UnitWeightInGrams": 2112,
          "SupplyLimitMessage": "'Dairy Farmers Permeate Free Full Cream Milk' has a supply limit of 36. The quantity in your trolley has been reduced accordingly. To purchase a larger quantity, please contact us on 1800 000 610, or e-mail us at shoponline@woolworths.com.au. Please note - we do not supply trade orders.",
          "SmallFormatDescription": "Dairy Farmers Permeate Free Full Cream Milk",
          "IsAvailable": true,
          "AgeRestricted": false,
          "DisplayQuantity": 1,
          "RichDescription": "",
          "IsDeliveryPass": false,
          "HideWasSavedPrice": false
        },
        {
          "Stockcode": 64746,
          "CupPrice": 1.5,
          "CupMeasure": "1L",
          "CupString": "$1.50 / 1L",
          "HasCupPrice": true,
          "Price": 4.49,
          "Name": "Dairy Farmers Permeate Free Full Cream Milk",
          "UrlFriendlyName": "dairy-farmers-permeate-free-full-cream-milk",
          "Description": " Dairy Farmers Permeate Free<br>Full Cream Milk 3l",
          "SmallImageFile": "/Content/wowProductImages/small/064746.jpg",
          "MediumImageFile": "/Content/wowProductImages/medium/064746.jpg",
          "LargeImageFile": "/Content/wowProductImages/medium/064746.jpg",
          "IsOnSpecial": false,
          "IsEdrSpecial": false,
          "SavingsAmount": 0.00,
          "WasPrice": 4.49,
          "QuantityInTrolley": 0,
          "Unit": "Each",
          "MinimumQuantity": 1,
          "IsInTrolley": false,
          "Source": "SearchProducts",
          "SupplyLimit": 36,
          "PackageSize": "3l",
          "IsPmDelivery": false,
          "IsForCollection": true,
          "IsForDelivery": true,
          "ImageTag": {
            "TagContent": null,
            "TagLink": null,
            "FallbackText": "",
            "TagType": "None"
          },
          "CentreTag": {
            "TagContent": null,
            "TagLink": null,
            "FallbackText": null,
            "TagType": "None"
          },
          "FooterTag": {
            "TagContent": null,
            "TagLink": null,
            "FallbackText": null,
            "TagType": "None"
          },
          "IsCentreTag": false,
          "IsFooterEnabled": false,
          "UnitWeightInGrams": 3250,
          "SupplyLimitMessage": "'Dairy Farmers Permeate Free Full Cream Milk' has a supply limit of 36. The quantity in your trolley has been reduced accordingly. To purchase a larger quantity, please contact us on 1800 000 610, or e-mail us at shoponline@woolworths.com.au. Please note - we do not supply trade orders.",
          "SmallFormatDescription": "Dairy Farmers Permeate Free Full Cream Milk",
          "IsAvailable": true,
          "AgeRestricted": false,
          "DisplayQuantity": 1,
          "RichDescription": "",
          "IsDeliveryPass": false,
          "HideWasSavedPrice": false
        }
      ],
      "Name": " Dairy Farmers Permeate Free<br>Full Cream  "
    },
    {
      "Products": [
        {
          "Stockcode": 792174,
          "CupPrice": 3.3,
          "CupMeasure": "1L",
          "CupString": "$3.30 / 1L",
          "HasCupPrice": true,
          "Price": 0.99,
          "Name": "Pauls Full Cream Milk",
          "UrlFriendlyName": "pauls-full-cream-milk",
          "Description": " Pauls Full Cream Milk 300ml",
          "SmallImageFile": "/Content/wowProductImages/small/792174.jpg",
          "MediumImageFile": "/Content/wowProductImages/medium/792174.jpg",
          "LargeImageFile": "/Content/wowProductImages/medium/792174.jpg",
          "IsOnSpecial": false,
          "IsEdrSpecial": false,
          "SavingsAmount": 0.00,
          "WasPrice": 0.99,
          "QuantityInTrolley": 0,
          "Unit": "Each",
          "MinimumQuantity": 1,
          "IsInTrolley": false,
          "Source": "SearchProducts",
          "SupplyLimit": 36,
          "PackageSize": "300ml",
          "IsPmDelivery": false,
          "IsForCollection": true,
          "IsForDelivery": true,
          "ImageTag": {
            "TagContent": null,
            "TagLink": null,
            "FallbackText": "",
            "TagType": "None"
          },
          "CentreTag": {
            "TagContent": null,
            "TagLink": null,
            "FallbackText": null,
            "TagType": "None"
          },
          "FooterTag": {
            "TagContent": null,
            "TagLink": null,
            "FallbackText": null,
            "TagType": "None"
          },
          "IsCentreTag": false,
          "IsFooterEnabled": false,
          "UnitWeightInGrams": 336,
          "SupplyLimitMessage": "'Pauls Full Cream Milk' has a supply limit of 36. The quantity in your trolley has been reduced accordingly. To purchase a larger quantity, please contact us on 1800 000 610, or e-mail us at shoponline@woolworths.com.au. Please note - we do not supply trade orders.",
          "SmallFormatDescription": "Pauls Full Cream Milk",
          "IsAvailable": true,
          "AgeRestricted": false,
          "DisplayQuantity": 1,
          "RichDescription": "pauls full cream milk delivers on the promise of creaminess and goodness you can really taste. it's the best quality and creamiest taste for you and your family.",
          "IsDeliveryPass": false,
          "HideWasSavedPrice": false
        },
        {
          "Stockcode": 44734,
          "CupPrice": 1.5,
          "CupMeasure": "1L",
          "CupString": "$1.50 / 1L",
          "HasCupPrice": true,
          "Price": 2.99,
          "Name": "Pauls Full Cream Milk",
          "UrlFriendlyName": "pauls-full-cream-milk",
          "Description": " Pauls Full Cream Milk 2l",
          "SmallImageFile": "/Content/wowProductImages/small/044734.jpg",
          "MediumImageFile": "/Content/wowProductImages/medium/044734.jpg",
          "LargeImageFile": "/Content/wowProductImages/large/044734.jpg",
          "IsOnSpecial": true,
          "IsEdrSpecial": false,
          "SavingsAmount": 0.46,
          "WasPrice": 3.45,
          "QuantityInTrolley": 0,
          "Unit": "Each",
          "MinimumQuantity": 1,
          "IsInTrolley": false,
          "Source": "SearchProducts",
          "SupplyLimit": 36,
          "PackageSize": "2l",
          "IsPmDelivery": false,
          "IsForCollection": true,
          "IsForDelivery": true,
          "ImageTag": {
            "TagContent": "/Content/PromotionTags/final-special.png",
            "TagLink": "",
            "FallbackText": "On Special",
            "TagType": "None"
          },
          "CentreTag": {
            "TagContent": null,
            "TagLink": null,
            "FallbackText": null,
            "TagType": "None"
          },
          "FooterTag": {
            "TagContent": null,
            "TagLink": null,
            "FallbackText": null,
            "TagType": "None"
          },
          "IsCentreTag": false,
          "IsFooterEnabled": false,
          "UnitWeightInGrams": 2000,
          "SupplyLimitMessage": "'Pauls Full Cream Milk' has a supply limit of 36. The quantity in your trolley has been reduced accordingly. To purchase a larger quantity, please contact us on 1800 000 610, or e-mail us at shoponline@woolworths.com.au. Please note - we do not supply trade orders.",
          "SmallFormatDescription": "Pauls Full Cream Milk",
          "IsAvailable": true,
          "AgeRestricted": false,
          "DisplayQuantity": 1,
          "RichDescription": "pauls full cream milk delivers on the promise of creaminess and goodness you can really taste. it's the best quality and creamiest taste for you and your family.",
          "IsDeliveryPass": false,
          "HideWasSavedPrice": false
        },
        {
          "Stockcode": 30708,
          "CupPrice": 1.53,
          "CupMeasure": "1L",
          "CupString": "$1.53 / 1L",
          "HasCupPrice": true,
          "Price": 4.59,
          "Name": "Pauls Full Cream Milk",
          "UrlFriendlyName": "pauls-full-cream-milk",
          "Description": " Pauls Full Cream Milk 3l",
          "SmallImageFile": "/Content/wowProductImages/small/030708.jpg",
          "MediumImageFile": "/Content/wowProductImages/medium/030708.jpg",
          "LargeImageFile": "/Content/wowProductImages/medium/030708.jpg",
          "IsOnSpecial": false,
          "IsEdrSpecial": false,
          "SavingsAmount": 0.00,
          "WasPrice": 4.59,
          "QuantityInTrolley": 0,
          "Unit": "Each",
          "MinimumQuantity": 1,
          "IsInTrolley": false,
          "Source": "SearchProducts",
          "SupplyLimit": 36,
          "PackageSize": "3l",
          "IsPmDelivery": false,
          "IsForCollection": true,
          "IsForDelivery": true,
          "ImageTag": {
            "TagContent": "/Content/PromotionTags/final-aus-made.png",
            "TagLink": "/Shop/ProductGroup/35385",
            "FallbackText": "AUSTRALIAN MADE",
            "TagType": "None"
          },
          "CentreTag": {
            "TagContent": null,
            "TagLink": null,
            "FallbackText": null,
            "TagType": "None"
          },
          "FooterTag": {
            "TagContent": null,
            "TagLink": null,
            "FallbackText": null,
            "TagType": "None"
          },
          "IsCentreTag": false,
          "IsFooterEnabled": false,
          "UnitWeightInGrams": 3000,
          "SupplyLimitMessage": "'Pauls Full Cream Milk' has a supply limit of 36. The quantity in your trolley has been reduced accordingly. To purchase a larger quantity, please contact us on 1800 000 610, or e-mail us at shoponline@woolworths.com.au. Please note - we do not supply trade orders.",
          "SmallFormatDescription": "Pauls Full Cream Milk",
          "IsAvailable": true,
          "AgeRestricted": false,
          "DisplayQuantity": 1,
          "RichDescription": "pauls full cream milk delivers on the promise of creaminess and goodness you can really taste. it's the best quality and creamiest taste for you and your family.",
          "IsDeliveryPass": false,
          "HideWasSavedPrice": false
        }
      ],
      "Name": " Pauls  Full Cream  "
    },
    {
      "Products": [
        {
          "Stockcode": 44734,
          "CupPrice": 1.5,
          "CupMeasure": "1L",
          "CupString": "$1.50 / 1L",
          "HasCupPrice": true,
          "Price": 2.99,
          "Name": "Pauls Full Cream Milk",
          "UrlFriendlyName": "pauls-full-cream-milk",
          "Description": " Pauls Full Cream Milk 2l",
          "SmallImageFile": "/Content/wowProductImages/small/044734.jpg",
          "MediumImageFile": "/Content/wowProductImages/medium/044734.jpg",
          "LargeImageFile": "/Content/wowProductImages/large/044734.jpg",
          "IsOnSpecial": true,
          "IsEdrSpecial": false,
          "SavingsAmount": 0.46,
          "WasPrice": 3.45,
          "QuantityInTrolley": 0,
          "Unit": "Each",
          "MinimumQuantity": 1,
          "IsInTrolley": false,
          "Source": "SearchProducts",
          "SupplyLimit": 36,
          "PackageSize": "2l",
          "IsPmDelivery": false,
          "IsForCollection": true,
          "IsForDelivery": true,
          "ImageTag": {
            "TagContent": "/Content/PromotionTags/final-special.png",
            "TagLink": "",
            "FallbackText": "On Special",
            "TagType": "None"
          },
          "CentreTag": {
            "TagContent": null,
            "TagLink": null,
            "FallbackText": null,
            "TagType": "None"
          },
          "FooterTag": {
            "TagContent": null,
            "TagLink": null,
            "FallbackText": null,
            "TagType": "None"
          },
          "IsCentreTag": false,
          "IsFooterEnabled": false,
          "UnitWeightInGrams": 2000,
          "SupplyLimitMessage": "'Pauls Full Cream Milk' has a supply limit of 36. The quantity in your trolley has been reduced accordingly. To purchase a larger quantity, please contact us on 1800 000 610, or e-mail us at shoponline@woolworths.com.au. Please note - we do not supply trade orders.",
          "SmallFormatDescription": "Pauls Full Cream Milk",
          "IsAvailable": true,
          "AgeRestricted": false,
          "DisplayQuantity": 1,
          "RichDescription": "pauls full cream milk delivers on the promise of creaminess and goodness you can really taste. it's the best quality and creamiest taste for you and your family.",
          "IsDeliveryPass": false,
          "HideWasSavedPrice": false
        }
      ],
      "Name": " Pauls Full Cream Milk "
    },
    {
      "Products": [
        {
          "Stockcode": 335284,
          "CupPrice": 2.48,
          "CupMeasure": "1L",
          "CupString": "$2.48 / 1L",
          "HasCupPrice": true,
          "Price": 4.95,
          "Name": "Pauls Zymil Low Fat Milk",
          "UrlFriendlyName": "pauls-zymil-low-fat-milk",
          "Description": " Pauls Zymil Low Fat Milk 2l",
          "SmallImageFile": "/Content/wowProductImages/small/335284.JPG",
          "MediumImageFile": "/Content/wowProductImages/medium/335284.JPG",
          "LargeImageFile": "/Content/wowProductImages/large/335284.JPG",
          "IsOnSpecial": false,
          "IsEdrSpecial": false,
          "SavingsAmount": 0.00,
          "WasPrice": 4.95,
          "QuantityInTrolley": 0,
          "Unit": "Each",
          "MinimumQuantity": 1,
          "IsInTrolley": false,
          "Source": "SearchProducts",
          "SupplyLimit": 36,
          "PackageSize": "2l",
          "IsPmDelivery": false,
          "IsForCollection": true,
          "IsForDelivery": true,
          "ImageTag": {
            "TagContent": "/Content/PromotionTags/final-aus-made.png",
            "TagLink": "/Shop/ProductGroup/35385",
            "FallbackText": "AUSTRALIAN MADE",
            "TagType": "None"
          },
          "CentreTag": {
            "TagContent": null,
            "TagLink": null,
            "FallbackText": null,
            "TagType": "None"
          },
          "FooterTag": {
            "TagContent": null,
            "TagLink": null,
            "FallbackText": null,
            "TagType": "None"
          },
          "IsCentreTag": false,
          "IsFooterEnabled": false,
          "UnitWeightInGrams": 2000,
          "SupplyLimitMessage": "'Pauls Zymil Low Fat Milk' has a supply limit of 36. The quantity in your trolley has been reduced accordingly. To purchase a larger quantity, please contact us on 1800 000 610, or e-mail us at shoponline@woolworths.com.au. Please note - we do not supply trade orders.",
          "SmallFormatDescription": "Pauls Zymil Low Fat Milk",
          "IsAvailable": true,
          "AgeRestricted": false,
          "DisplayQuantity": 1,
          "RichDescription": "pauls zymil milk is simply real milk, lactose free.",
          "IsDeliveryPass": false,
          "HideWasSavedPrice": false
        }
      ],
      "Name": " Pauls Zymil Low Fat Milk "
    },
    {
      "Products": [
        {
          "Stockcode": 757825,
          "CupPrice": 1.73,
          "CupMeasure": "1L",
          "CupString": "$1.73 / 1L",
          "HasCupPrice": true,
          "Price": 3.45,
          "Name": "Farmers' Own Light Homogenised Milk",
          "UrlFriendlyName": "farmers-own-light-homogenised-milk",
          "Description": " Farmers' Own Light<br>Homogenised Milk 2l",
          "SmallImageFile": "/Content/wowProductImages/small/757825.jpg",
          "MediumImageFile": "/Content/wowProductImages/medium/757825.jpg",
          "LargeImageFile": "/Content/wowProductImages/medium/757825.jpg",
          "IsOnSpecial": false,
          "IsEdrSpecial": false,
          "SavingsAmount": 0.00,
          "WasPrice": 3.45,
          "QuantityInTrolley": 0,
          "Unit": "Each",
          "MinimumQuantity": 1,
          "IsInTrolley": false,
          "Source": "SearchProducts",
          "SupplyLimit": 36,
          "PackageSize": "2l",
          "IsPmDelivery": false,
          "IsForCollection": true,
          "IsForDelivery": true,
          "ImageTag": {
            "TagContent": "/Content/PromotionTags/local-seals-nsw.png",
            "TagLink": "/Shop/ProductGroup/0107-homepage-locally-made-nsw",
            "FallbackText": "LOCALLY MADE",
            "TagType": "None"
          },
          "CentreTag": {
            "TagContent": null,
            "TagLink": null,
            "FallbackText": null,
            "TagType": "None"
          },
          "FooterTag": {
            "TagContent": null,
            "TagLink": null,
            "FallbackText": null,
            "TagType": "None"
          },
          "IsCentreTag": false,
          "IsFooterEnabled": false,
          "UnitWeightInGrams": 2112,
          "SupplyLimitMessage": "'Farmers' Own Light Homogenised Milk' has a supply limit of 36. The quantity in your trolley has been reduced accordingly. To purchase a larger quantity, please contact us on 1800 000 610, or e-mail us at shoponline@woolworths.com.au. Please note - we do not supply trade orders.",
          "SmallFormatDescription": "Farmers' Own Light Homogenised Milk",
          "IsAvailable": true,
          "AgeRestricted": false,
          "DisplayQuantity": 1,
          "RichDescription": "we are proud to announce our farmers' own homogenised milk fresh from manning valley, nsw, has won gold in the 2014 royal melbourne fine food awards. support local farmers and drink the milk your farmer drinks.",
          "IsDeliveryPass": false,
          "HideWasSavedPrice": false
        }
      ],
      "Name": " Farmers' Own Light Homogenised<br>Milk "
    },
    {
      "Products": [
        {
          "Stockcode": 842224,
          "CupPrice": 1.99,
          "CupMeasure": "1L",
          "CupString": "$1.99 / 1L",
          "HasCupPrice": true,
          "Price": 1.99,
          "Name": "Farmers Own Reduced Fat Milk",
          "UrlFriendlyName": "farmers-own-reduced-fat-milk",
          "Description": " Farmers Own Reduced Fat Milk 1l",
          "SmallImageFile": "/Content/wowProductImages/small/default.png",
          "MediumImageFile": "/Content/wowProductImages/medium/default.png",
          "LargeImageFile": "/Content/wowProductImages/large/default.png",
          "IsOnSpecial": false,
          "IsEdrSpecial": false,
          "SavingsAmount": 0.00,
          "WasPrice": 1.99,
          "QuantityInTrolley": 0,
          "Unit": "Each",
          "MinimumQuantity": 1,
          "IsInTrolley": false,
          "Source": "SearchProducts",
          "SupplyLimit": 36,
          "PackageSize": "1l",
          "IsPmDelivery": false,
          "IsForCollection": true,
          "IsForDelivery": true,
          "ImageTag": {
            "TagContent": "/Content/PromotionTags/final-aus-made.png",
            "TagLink": "/Shop/ProductGroup/35385",
            "FallbackText": "AUSTRALIAN MADE",
            "TagType": "None"
          },
          "CentreTag": {
            "TagContent": null,
            "TagLink": null,
            "FallbackText": null,
            "TagType": "None"
          },
          "FooterTag": {
            "TagContent": null,
            "TagLink": null,
            "FallbackText": null,
            "TagType": "None"
          },
          "IsCentreTag": false,
          "IsFooterEnabled": false,
          "UnitWeightInGrams": 500,
          "SupplyLimitMessage": "'Farmers Own Reduced Fat Milk' has a supply limit of 36. The quantity in your trolley has been reduced accordingly. To purchase a larger quantity, please contact us on 1800 000 610, or e-mail us at shoponline@woolworths.com.au. Please note - we do not supply trade orders.",
          "SmallFormatDescription": "Farmers Own Reduced Fat Milk",
          "IsAvailable": true,
          "AgeRestricted": false,
          "DisplayQuantity": 1,
          "RichDescription": "",
          "IsDeliveryPass": false,
          "HideWasSavedPrice": false
        }
      ],
      "Name": " Farmers Own Reduced Fat Milk "
    },
    {
      "Products": [
        {
          "Stockcode": 330251,
          "CupPrice": 2.9,
          "CupMeasure": "1L",
          "CupString": "$2.90 / 1L",
          "HasCupPrice": true,
          "Price": 2.9,
          "Name": "Dairy Farmers Heart Active Light Milk",
          "UrlFriendlyName": "dairy-farmers-heart-active-light-milk",
          "Description": " Dairy Farmers Heart Active<br>Light Milk 1l",
          "SmallImageFile": "/Content/wowProductImages/small/330251.jpg",
          "MediumImageFile": "/Content/wowProductImages/medium/330251.jpg",
          "LargeImageFile": "/Content/wowProductImages/medium/330251.jpg",
          "IsOnSpecial": false,
          "IsEdrSpecial": false,
          "SavingsAmount": 0.0,
          "WasPrice": 2.9,
          "QuantityInTrolley": 0,
          "Unit": "Each",
          "MinimumQuantity": 1,
          "IsInTrolley": false,
          "Source": "SearchProducts",
          "SupplyLimit": 36,
          "PackageSize": "1l",
          "IsPmDelivery": false,
          "IsForCollection": true,
          "IsForDelivery": true,
          "ImageTag": {
            "TagContent": null,
            "TagLink": null,
            "FallbackText": "",
            "TagType": "None"
          },
          "CentreTag": {
            "TagContent": null,
            "TagLink": null,
            "FallbackText": null,
            "TagType": "None"
          },
          "FooterTag": {
            "TagContent": null,
            "TagLink": null,
            "FallbackText": null,
            "TagType": "None"
          },
          "IsCentreTag": false,
          "IsFooterEnabled": false,
          "UnitWeightInGrams": 1066,
          "SupplyLimitMessage": "'Dairy Farmers Heart Active Light Milk' has a supply limit of 36. The quantity in your trolley has been reduced accordingly. To purchase a larger quantity, please contact us on 1800 000 610, or e-mail us at shoponline@woolworths.com.au. Please note - we do not supply trade orders.",
          "SmallFormatDescription": "Dairy Farmers Heart Active Light Milk",
          "IsAvailable": true,
          "AgeRestricted": false,
          "DisplayQuantity": 1,
          "RichDescription": "",
          "IsDeliveryPass": false,
          "HideWasSavedPrice": false
        }
      ],
      "Name": " Dairy Farmers Heart Active<br>Light Milk "
    },
    {
      "Products": [
        {
          "Stockcode": 407550,
          "CupPrice": 2.49,
          "CupMeasure": "1L",
          "CupString": "$2.49 / 1L",
          "HasCupPrice": true,
          "Price": 2.49,
          "Name": "The Complete Dairy Light Milk High Protein",
          "UrlFriendlyName": "the-complete-dairy-light-milk-high-protein",
          "Description": " The Complete Dairy Light<br>Milk High Protein 1l",
          "SmallImageFile": "/Content/wowProductImages/small/407550.JPG",
          "MediumImageFile": "/Content/wowProductImages/medium/407550.JPG",
          "LargeImageFile": "/Content/wowProductImages/large/407550.JPG",
          "IsOnSpecial": true,
          "IsEdrSpecial": false,
          "SavingsAmount": 0.50,
          "WasPrice": 2.99,
          "QuantityInTrolley": 0,
          "Unit": "Each",
          "MinimumQuantity": 1,
          "IsInTrolley": false,
          "Source": "SearchProducts",
          "SupplyLimit": 36,
          "PackageSize": "1l",
          "IsPmDelivery": false,
          "IsForCollection": true,
          "IsForDelivery": true,
          "ImageTag": {
            "TagContent": "/Content/PromotionTags/final-special.png",
            "TagLink": "",
            "FallbackText": "On Special",
            "TagType": "None"
          },
          "CentreTag": {
            "TagContent": null,
            "TagLink": null,
            "FallbackText": null,
            "TagType": "None"
          },
          "FooterTag": {
            "TagContent": null,
            "TagLink": null,
            "FallbackText": null,
            "TagType": "None"
          },
          "IsCentreTag": false,
          "IsFooterEnabled": false,
          "UnitWeightInGrams": 1077,
          "SupplyLimitMessage": "'The Complete Dairy Light Milk High Protein' has a supply limit of 36. The quantity in your trolley has been reduced accordingly. To purchase a larger quantity, please contact us on 1800 000 610, or e-mail us at shoponline@woolworths.com.au. Please note - we do not supply trade orders.",
          "SmallFormatDescription": "The Complete Dairy Light Milk High Protein",
          "IsAvailable": true,
          "AgeRestricted": false,
          "DisplayQuantity": 1,
          "RichDescription": "",
          "IsDeliveryPass": false,
          "HideWasSavedPrice": false
        }
      ],
      "Name": " The Complete Dairy Light Milk<br>High Protein "
    },
    {
      "Products": [
        {
          "Stockcode": 216867,
          "CupPrice": 2.85,
          "CupMeasure": "1L",
          "CupString": "$2.85 / 1L",
          "HasCupPrice": true,
          "Price": 2.85,
          "Name": "A2 Light Milk",
          "UrlFriendlyName": "a2-light-milk",
          "Description": " A2 Light Milk 1l",
          "SmallImageFile": "/Content/wowProductImages/small/216867.jpg",
          "MediumImageFile": "/Content/wowProductImages/medium/216867.jpg",
          "LargeImageFile": "/Content/wowProductImages/medium/216867.jpg",
          "IsOnSpecial": false,
          "IsEdrSpecial": false,
          "SavingsAmount": 0.00,
          "WasPrice": 2.85,
          "QuantityInTrolley": 0,
          "Unit": "Each",
          "MinimumQuantity": 1,
          "IsInTrolley": false,
          "Source": "SearchProducts",
          "SupplyLimit": 36,
          "PackageSize": "1l",
          "IsPmDelivery": false,
          "IsForCollection": true,
          "IsForDelivery": true,
          "ImageTag": {
            "TagContent": null,
            "TagLink": null,
            "FallbackText": "",
            "TagType": "None"
          },
          "CentreTag": {
            "TagContent": null,
            "TagLink": null,
            "FallbackText": null,
            "TagType": "None"
          },
          "FooterTag": {
            "TagContent": null,
            "TagLink": null,
            "FallbackText": null,
            "TagType": "None"
          },
          "IsCentreTag": false,
          "IsFooterEnabled": false,
          "UnitWeightInGrams": 1080,
          "SupplyLimitMessage": "'A2 Light Milk' has a supply limit of 36. The quantity in your trolley has been reduced accordingly. To purchase a larger quantity, please contact us on 1800 000 610, or e-mail us at shoponline@woolworths.com.au. Please note - we do not supply trade orders.",
          "SmallFormatDescription": "A2 Light Milk",
          "IsAvailable": true,
          "AgeRestricted": false,
          "DisplayQuantity": 1,
          "RichDescription": "a2 milk™ light contains all the goodness of full cream with less fat and yet still has a deliciously creamy, smooth consistency. regular cows' milk today contains 2 main types of beta-casein protein, a1 and a2.  you can avoid the a1 protein in regular milk by drinking pure and natural a2 milk™, the only milk from cows specially selected to naturally produce only the a2 protein, and not a1.  many people say they can feel the difference!",
          "IsDeliveryPass": false,
          "HideWasSavedPrice": false
        },
        {
          "Stockcode": 208066,
          "CupPrice": 2.35,
          "CupMeasure": "1L",
          "CupString": "$2.35 / 1L",
          "HasCupPrice": true,
          "Price": 4.69,
          "Name": "A2 Light Milk",
          "UrlFriendlyName": "a2-light-milk",
          "Description": " A2 Light Milk 2l",
          "SmallImageFile": "/Content/wowProductImages/small/208066.jpg",
          "MediumImageFile": "/Content/wowProductImages/medium/208066.jpg",
          "LargeImageFile": "/Content/wowProductImages/medium/208066.jpg",
          "IsOnSpecial": false,
          "IsEdrSpecial": false,
          "SavingsAmount": 0.00,
          "WasPrice": 4.69,
          "QuantityInTrolley": 0,
          "Unit": "Each",
          "MinimumQuantity": 1,
          "IsInTrolley": false,
          "Source": "SearchProducts",
          "SupplyLimit": 36,
          "PackageSize": "2l",
          "IsPmDelivery": false,
          "IsForCollection": true,
          "IsForDelivery": true,
          "ImageTag": {
            "TagContent": null,
            "TagLink": null,
            "FallbackText": "",
            "TagType": "None"
          },
          "CentreTag": {
            "TagContent": null,
            "TagLink": null,
            "FallbackText": null,
            "TagType": "None"
          },
          "FooterTag": {
            "TagContent": "<div class=\"productTag-lowerpricealways\" style=\"\r\nheight:46px;\r\nposition:absolute;\r\ntop:-2px;\r\nleft:0;\r\nwidth:100%;\r\nbackground:#c20016;\r\ntext-align:center;\r\n\">\r\n<img src=\"/Content/Content/LPA_footer_img2.png\" width=\"166px\" height=\"13px\" alt=\"Lower Price Always\" style=\"display:inline-block; margin-top:15px;\">\r\n</div>\r\n<style>\r\n.cardViewCompact wow-shelf-product:not(.override-global-size) .card:not(.is-smallFormat).shelfProductStamp .productTag-lowerpricealways img{\r\n                max-width: 90%;\r\n}\r\n</style>",
            "TagLink": null,
            "FallbackText": null,
            "TagType": "Html"
          },
          "IsCentreTag": false,
          "IsFooterEnabled": true,
          "UnitWeightInGrams": 2112,
          "SupplyLimitMessage": "'A2 Light Milk' has a supply limit of 36. The quantity in your trolley has been reduced accordingly. To purchase a larger quantity, please contact us on 1800 000 610, or e-mail us at shoponline@woolworths.com.au. Please note - we do not supply trade orders.",
          "SmallFormatDescription": "A2 Light Milk",
          "IsAvailable": true,
          "AgeRestricted": false,
          "DisplayQuantity": 1,
          "RichDescription": "a2 milk™ light contains all the goodness of full cream with less fat and yet still has a deliciously creamy, smooth consistency. regular cows' milk today contains 2 main types of beta-casein protein, a1 and a2.  you can avoid the a1 protein in regular milk by drinking pure and natural a2 milk™, the only milk from cows specially selected to naturally produce only the a2 protein, and not a1.  many people say they can feel the difference!",
          "IsDeliveryPass": false,
          "HideWasSavedPrice": false
        }
      ],
      "Name": " A2 Light Milk "
    },
    {
      "Products": [
        {
          "Stockcode": 330937,
          "CupPrice": 1.6,
          "CupMeasure": "1L",
          "CupString": "$1.60 / 1L",
          "HasCupPrice": true,
          "Price": 3.2,
          "Name": "Dairy Farmers New Reduced Fat Light Milk Permeate Free",
          "UrlFriendlyName": "dairy-farmers-new-reduced-fat-light-milk-permeate-free",
          "Description": " Dairy Farmers New Reduced<br>Fat Light Milk... 2l",
          "SmallImageFile": "/Content/wowProductImages/small/330937.jpg",
          "MediumImageFile": "/Content/wowProductImages/medium/330937.jpg",
          "LargeImageFile": "/Content/wowProductImages/medium/330937.jpg",
          "IsOnSpecial": false,
          "IsEdrSpecial": false,
          "SavingsAmount": 0.0,
          "WasPrice": 3.2,
          "QuantityInTrolley": 0,
          "Unit": "Each",
          "MinimumQuantity": 1,
          "IsInTrolley": false,
          "Source": "SearchProducts",
          "SupplyLimit": 36,
          "PackageSize": "2l",
          "IsPmDelivery": false,
          "IsForCollection": true,
          "IsForDelivery": true,
          "ImageTag": {
            "TagContent": null,
            "TagLink": null,
            "FallbackText": "",
            "TagType": "None"
          },
          "CentreTag": {
            "TagContent": null,
            "TagLink": null,
            "FallbackText": null,
            "TagType": "None"
          },
          "FooterTag": {
            "TagContent": null,
            "TagLink": null,
            "FallbackText": null,
            "TagType": "None"
          },
          "IsCentreTag": false,
          "IsFooterEnabled": false,
          "UnitWeightInGrams": 2112,
          "SupplyLimitMessage": "'Dairy Farmers New Reduced Fat Light Milk Permeate Free' has a supply limit of 36. The quantity in your trolley has been reduced accordingly. To purchase a larger quantity, please contact us on 1800 000 610, or e-mail us at shoponline@woolworths.com.au. Please note - we do not supply trade orders.",
          "SmallFormatDescription": "Dairy Farmers New Reduced Fat Light Milk Permeate Free",
          "IsAvailable": true,
          "AgeRestricted": false,
          "DisplayQuantity": 1,
          "RichDescription": "",
          "IsDeliveryPass": false,
          "HideWasSavedPrice": false
        }
      ],
      "Name": " Dairy Farmers New Reduced Fat<br>Light Milk Permeate Free "
    },
    {
      "Products": [
        {
          "Stockcode": 331801,
          "CupPrice": 2.65,
          "CupMeasure": "1L",
          "CupString": "$2.65 / 1L",
          "HasCupPrice": true,
          "Price": 2.65,
          "Name": "Dairy Farmers Light Permeate Free Milk",
          "UrlFriendlyName": "dairy-farmers-light-permeate-free-milk",
          "Description": " Dairy Farmers Light Permeate<br>Free Milk 1l",
          "SmallImageFile": "/Content/wowProductImages/small/331801.jpg",
          "MediumImageFile": "/Content/wowProductImages/medium/331801.jpg",
          "LargeImageFile": "/Content/wowProductImages/medium/331801.jpg",
          "IsOnSpecial": false,
          "IsEdrSpecial": false,
          "SavingsAmount": 0.00,
          "WasPrice": 2.65,
          "QuantityInTrolley": 0,
          "Unit": "Each",
          "MinimumQuantity": 1,
          "IsInTrolley": false,
          "Source": "SearchProducts",
          "SupplyLimit": 36,
          "PackageSize": "1l",
          "IsPmDelivery": false,
          "IsForCollection": true,
          "IsForDelivery": true,
          "ImageTag": {
            "TagContent": null,
            "TagLink": null,
            "FallbackText": "",
            "TagType": "None"
          },
          "CentreTag": {
            "TagContent": null,
            "TagLink": null,
            "FallbackText": null,
            "TagType": "None"
          },
          "FooterTag": {
            "TagContent": null,
            "TagLink": null,
            "FallbackText": null,
            "TagType": "None"
          },
          "IsCentreTag": false,
          "IsFooterEnabled": false,
          "UnitWeightInGrams": 1080,
          "SupplyLimitMessage": "'Dairy Farmers Light Permeate Free Milk' has a supply limit of 36. The quantity in your trolley has been reduced accordingly. To purchase a larger quantity, please contact us on 1800 000 610, or e-mail us at shoponline@woolworths.com.au. Please note - we do not supply trade orders.",
          "SmallFormatDescription": "Dairy Farmers Light Permeate Free Milk",
          "IsAvailable": true,
          "AgeRestricted": false,
          "DisplayQuantity": 1,
          "RichDescription": "",
          "IsDeliveryPass": false,
          "HideWasSavedPrice": false
        }
      ],
      "Name": " Dairy Farmers Light Permeate<br>Free Milk "
    },
    {
      "Products": [
        {
          "Stockcode": 24133,
          "CupPrice": 2,
          "CupMeasure": "1L",
          "CupString": "$2.00 / 1L",
          "HasCupPrice": true,
          "Price": 3.99,
          "Name": "Dairy Farmers Permeate Free Light Milk",
          "UrlFriendlyName": "dairy-farmers-permeate-free-light-milk",
          "Description": " Dairy Farmers Permeate Free<br>Light Milk 2l",
          "SmallImageFile": "/Content/wowProductImages/small/024133.jpg",
          "MediumImageFile": "/Content/wowProductImages/medium/024133.jpg",
          "LargeImageFile": "/Content/wowProductImages/medium/024133.jpg",
          "IsOnSpecial": false,
          "IsEdrSpecial": false,
          "SavingsAmount": 0.00,
          "WasPrice": 3.99,
          "QuantityInTrolley": 0,
          "Unit": "Each",
          "MinimumQuantity": 1,
          "IsInTrolley": false,
          "Source": "SearchProducts",
          "SupplyLimit": 36,
          "PackageSize": "2l",
          "IsPmDelivery": false,
          "IsForCollection": true,
          "IsForDelivery": true,
          "ImageTag": {
            "TagContent": null,
            "TagLink": null,
            "FallbackText": "",
            "TagType": "None"
          },
          "CentreTag": {
            "TagContent": null,
            "TagLink": null,
            "FallbackText": null,
            "TagType": "None"
          },
          "FooterTag": {
            "TagContent": null,
            "TagLink": null,
            "FallbackText": null,
            "TagType": "None"
          },
          "IsCentreTag": false,
          "IsFooterEnabled": false,
          "UnitWeightInGrams": 2112,
          "SupplyLimitMessage": "'Dairy Farmers Permeate Free Light Milk' has a supply limit of 36. The quantity in your trolley has been reduced accordingly. To purchase a larger quantity, please contact us on 1800 000 610, or e-mail us at shoponline@woolworths.com.au. Please note - we do not supply trade orders.",
          "SmallFormatDescription": "Dairy Farmers Permeate Free Light Milk",
          "IsAvailable": true,
          "AgeRestricted": false,
          "DisplayQuantity": 1,
          "RichDescription": "",
          "IsDeliveryPass": false,
          "HideWasSavedPrice": false
        }
      ],
      "Name": " Dairy Farmers Permeate Free<br>Lite Milk "
    },
    {
      "Products": [
        {
          "Stockcode": 204747,
          "CupPrice": 1.99,
          "CupMeasure": "1L",
          "CupString": "$1.99 / 1L",
          "HasCupPrice": true,
          "Price": 1.99,
          "Name": "Pauls Smarter Reduced Fat Milk",
          "UrlFriendlyName": "pauls-smarter-reduced-fat-milk",
          "Description": " Pauls Smarter Reduced Fat<br>Milk 1l",
          "SmallImageFile": "/Content/wowProductImages/small/204747.jpg",
          "MediumImageFile": "/Content/wowProductImages/medium/204747.jpg",
          "LargeImageFile": "/Content/wowProductImages/medium/204747.jpg",
          "IsOnSpecial": false,
          "IsEdrSpecial": false,
          "SavingsAmount": 0.00,
          "WasPrice": 1.99,
          "QuantityInTrolley": 0,
          "Unit": "Each",
          "MinimumQuantity": 1,
          "IsInTrolley": false,
          "Source": "SearchProducts",
          "SupplyLimit": 36,
          "PackageSize": "1l",
          "IsPmDelivery": false,
          "IsForCollection": true,
          "IsForDelivery": true,
          "ImageTag": {
            "TagContent": "/Content/PromotionTags/final-aus-made.png",
            "TagLink": "/Shop/ProductGroup/35385",
            "FallbackText": "AUSTRALIAN MADE",
            "TagType": "None"
          },
          "CentreTag": {
            "TagContent": null,
            "TagLink": null,
            "FallbackText": null,
            "TagType": "None"
          },
          "FooterTag": {
            "TagContent": null,
            "TagLink": null,
            "FallbackText": null,
            "TagType": "None"
          },
          "IsCentreTag": false,
          "IsFooterEnabled": false,
          "UnitWeightInGrams": 998,
          "SupplyLimitMessage": "'Pauls Smarter Reduced Fat Milk' has a supply limit of 36. The quantity in your trolley has been reduced accordingly. To purchase a larger quantity, please contact us on 1800 000 610, or e-mail us at shoponline@woolworths.com.au. Please note - we do not supply trade orders.",
          "SmallFormatDescription": "Pauls Smarter Reduced Fat Milk",
          "IsAvailable": true,
          "AgeRestricted": false,
          "DisplayQuantity": 1,
          "RichDescription": "pauls smarter white milk has all the goodness and taste of full cream milk with only 2% fat, so it's the perfect choice for anyone trying to reduce their fat intake, but not wanting to sacrifice full cream taste.",
          "IsDeliveryPass": false,
          "HideWasSavedPrice": false
        },
        {
          "Stockcode": 204746,
          "CupPrice": 1.7,
          "CupMeasure": "1L",
          "CupString": "$1.70 / 1L",
          "HasCupPrice": true,
          "Price": 3.39,
          "Name": "Pauls Smarter White Milk",
          "UrlFriendlyName": "pauls-smarter-white-milk",
          "Description": " Pauls Smarter White Milk 2l",
          "SmallImageFile": "/Content/wowProductImages/small/204746.jpg",
          "MediumImageFile": "/Content/wowProductImages/medium/204746.jpg",
          "LargeImageFile": "/Content/wowProductImages/large/204746.jpg",
          "IsOnSpecial": false,
          "IsEdrSpecial": false,
          "SavingsAmount": 0.00,
          "WasPrice": 3.39,
          "QuantityInTrolley": 0,
          "Unit": "Each",
          "MinimumQuantity": 1,
          "IsInTrolley": false,
          "Source": "SearchProducts",
          "SupplyLimit": 36,
          "PackageSize": "2l",
          "IsPmDelivery": false,
          "IsForCollection": true,
          "IsForDelivery": true,
          "ImageTag": {
            "TagContent": "/Content/PromotionTags/final-aus-made.png",
            "TagLink": "/Shop/ProductGroup/35385",
            "FallbackText": "AUSTRALIAN MADE",
            "TagType": "None"
          },
          "CentreTag": {
            "TagContent": null,
            "TagLink": null,
            "FallbackText": null,
            "TagType": "None"
          },
          "FooterTag": {
            "TagContent": null,
            "TagLink": null,
            "FallbackText": null,
            "TagType": "None"
          },
          "IsCentreTag": false,
          "IsFooterEnabled": false,
          "UnitWeightInGrams": 2000,
          "SupplyLimitMessage": "'Pauls Smarter White Milk' has a supply limit of 36. The quantity in your trolley has been reduced accordingly. To purchase a larger quantity, please contact us on 1800 000 610, or e-mail us at shoponline@woolworths.com.au. Please note - we do not supply trade orders.",
          "SmallFormatDescription": "Pauls Smarter White Milk",
          "IsAvailable": true,
          "AgeRestricted": false,
          "DisplayQuantity": 1,
          "RichDescription": "pauls smarter white milk has all the goodness and taste of full cream milk with only 2% fat, so it's the perfect choice for anyone trying to reduce their fat intake, but not wanting to sacrifice full cream taste.",
          "IsDeliveryPass": false,
          "HideWasSavedPrice": false
        },
        {
          "Stockcode": 217149,
          "CupPrice": 1.66,
          "CupMeasure": "1L",
          "CupString": "$1.66 / 1L",
          "HasCupPrice": true,
          "Price": 4.99,
          "Name": "Pauls Smarter Reduced Fat Milk",
          "UrlFriendlyName": "pauls-smarter-reduced-fat-milk",
          "Description": " Pauls Smarter Reduced Fat<br>Milk 3l",
          "SmallImageFile": "/Content/wowProductImages/small/217149.jpg",
          "MediumImageFile": "/Content/wowProductImages/medium/217149.jpg",
          "LargeImageFile": "/Content/wowProductImages/medium/217149.jpg",
          "IsOnSpecial": false,
          "IsEdrSpecial": false,
          "SavingsAmount": 0.00,
          "WasPrice": 4.99,
          "QuantityInTrolley": 0,
          "Unit": "Each",
          "MinimumQuantity": 1,
          "IsInTrolley": false,
          "Source": "SearchProducts",
          "SupplyLimit": 36,
          "PackageSize": "3l",
          "IsPmDelivery": false,
          "IsForCollection": true,
          "IsForDelivery": true,
          "ImageTag": {
            "TagContent": "/Content/PromotionTags/final-aus-made.png",
            "TagLink": "/Shop/ProductGroup/35385",
            "FallbackText": "AUSTRALIAN MADE",
            "TagType": "None"
          },
          "CentreTag": {
            "TagContent": null,
            "TagLink": null,
            "FallbackText": null,
            "TagType": "None"
          },
          "FooterTag": {
            "TagContent": null,
            "TagLink": null,
            "FallbackText": null,
            "TagType": "None"
          },
          "IsCentreTag": false,
          "IsFooterEnabled": false,
          "UnitWeightInGrams": 3000,
          "SupplyLimitMessage": "'Pauls Smarter Reduced Fat Milk' has a supply limit of 36. The quantity in your trolley has been reduced accordingly. To purchase a larger quantity, please contact us on 1800 000 610, or e-mail us at shoponline@woolworths.com.au. Please note - we do not supply trade orders.",
          "SmallFormatDescription": "Pauls Smarter Reduced Fat Milk",
          "IsAvailable": true,
          "AgeRestricted": false,
          "DisplayQuantity": 1,
          "RichDescription": "pauls smarter white milk has all the goodness and taste of full cream milk with only 2% fat, so it’s the perfect choice for anyone trying to reduce their fat intake, but not wanting to sacrifice taste.",
          "IsDeliveryPass": false,
          "HideWasSavedPrice": false
        }
      ],
      "Name": " Pauls Smarter Reduced Fat<br>Light Milk "
    },
    {
      "Products": [
        {
          "Stockcode": 382737,
          "CupPrice": 1.25,
          "CupMeasure": "1L",
          "CupString": "$1.25 / 1L",
          "HasCupPrice": true,
          "Price": 1.25,
          "Name": "Woolworths Light Milk",
          "UrlFriendlyName": "woolworths-light-milk",
          "Description": " Woolworths Light Milk 1l",
          "SmallImageFile": "/Content/wowProductImages/small/382737.jpg",
          "MediumImageFile": "/Content/wowProductImages/medium/382737.jpg",
          "LargeImageFile": "/Content/wowProductImages/medium/382737.jpg",
          "IsOnSpecial": false,
          "IsEdrSpecial": false,
          "SavingsAmount": 0.00,
          "WasPrice": 1.25,
          "QuantityInTrolley": 0,
          "Unit": "Each",
          "MinimumQuantity": 1,
          "IsInTrolley": false,
          "Source": "SearchProducts",
          "SupplyLimit": 36,
          "PackageSize": "1l",
          "IsPmDelivery": false,
          "IsForCollection": true,
          "IsForDelivery": true,
          "ImageTag": {
            "TagContent": null,
            "TagLink": null,
            "FallbackText": "",
            "TagType": "None"
          },
          "CentreTag": {
            "TagContent": null,
            "TagLink": null,
            "FallbackText": null,
            "TagType": "None"
          },
          "FooterTag": {
            "TagContent": "<div class=\"productTag-lowerpricealways\" style=\"\r\nheight:46px;\r\nposition:absolute;\r\ntop:-2px;\r\nleft:0;\r\nwidth:100%;\r\nbackground:#c20016;\r\ntext-align:center;\r\n\">\r\n<img src=\"/Content/Content/LPA_footer_img2.png\" width=\"166px\" height=\"13px\" alt=\"Lower Price Always\" style=\"display:inline-block; margin-top:15px;\">\r\n</div>\r\n<style>\r\n.cardViewCompact wow-shelf-product:not(.override-global-size) .card:not(.is-smallFormat).shelfProductStamp .productTag-lowerpricealways img{\r\n                max-width: 90%;\r\n}\r\n</style>",
            "TagLink": null,
            "FallbackText": null,
            "TagType": "Html"
          },
          "IsCentreTag": false,
          "IsFooterEnabled": true,
          "UnitWeightInGrams": 1000,
          "SupplyLimitMessage": "'Woolworths Light Milk' has a supply limit of 36. The quantity in your trolley has been reduced accordingly. To purchase a larger quantity, please contact us on 1800 000 610, or e-mail us at shoponline@woolworths.com.au. Please note - we do not supply trade orders.",
          "SmallFormatDescription": "Woolworths Light Milk",
          "IsAvailable": true,
          "AgeRestricted": false,
          "DisplayQuantity": 1,
          "RichDescription": "",
          "IsDeliveryPass": false,
          "HideWasSavedPrice": false
        },
        {
          "Stockcode": 382738,
          "CupPrice": 1,
          "CupMeasure": "1L",
          "CupString": "$1.00 / 1L",
          "HasCupPrice": true,
          "Price": 2,
          "Name": "Woolworths Select Light Milk",
          "UrlFriendlyName": "woolworths-select-light-milk",
          "Description": " Woolworths Select Light Milk 2l",
          "SmallImageFile": "/Content/wowProductImages/small/382738.jpg",
          "MediumImageFile": "/Content/wowProductImages/medium/382738.jpg",
          "LargeImageFile": "/Content/wowProductImages/medium/382738.jpg",
          "IsOnSpecial": false,
          "IsEdrSpecial": false,
          "SavingsAmount": 0,
          "WasPrice": 2,
          "QuantityInTrolley": 0,
          "Unit": "Each",
          "MinimumQuantity": 1,
          "IsInTrolley": false,
          "Source": "SearchProducts",
          "SupplyLimit": 36,
          "PackageSize": "2l",
          "IsPmDelivery": false,
          "IsForCollection": true,
          "IsForDelivery": true,
          "ImageTag": {
            "TagContent": null,
            "TagLink": null,
            "FallbackText": "",
            "TagType": "None"
          },
          "CentreTag": {
            "TagContent": null,
            "TagLink": null,
            "FallbackText": null,
            "TagType": "None"
          },
          "FooterTag": {
            "TagContent": "<div class=\"productTag-lowerpricealways\" style=\"\r\nheight:46px;\r\nposition:absolute;\r\ntop:-2px;\r\nleft:0;\r\nwidth:100%;\r\nbackground:#c20016;\r\ntext-align:center;\r\n\">\r\n<img src=\"/Content/Content/LPA_footer_img2.png\" width=\"166px\" height=\"13px\" alt=\"Lower Price Always\" style=\"display:inline-block; margin-top:15px;\">\r\n</div>\r\n<style>\r\n.cardViewCompact wow-shelf-product:not(.override-global-size) .card:not(.is-smallFormat).shelfProductStamp .productTag-lowerpricealways img{\r\n                max-width: 90%;\r\n}\r\n</style>",
            "TagLink": null,
            "FallbackText": null,
            "TagType": "Html"
          },
          "IsCentreTag": false,
          "IsFooterEnabled": true,
          "UnitWeightInGrams": 2000,
          "SupplyLimitMessage": "'Woolworths Select Light Milk' has a supply limit of 36. The quantity in your trolley has been reduced accordingly. To purchase a larger quantity, please contact us on 1800 000 610, or e-mail us at shoponline@woolworths.com.au. Please note - we do not supply trade orders.",
          "SmallFormatDescription": "Woolworths Select Light Milk",
          "IsAvailable": true,
          "AgeRestricted": false,
          "DisplayQuantity": 1,
          "RichDescription": "",
          "IsDeliveryPass": false,
          "HideWasSavedPrice": false
        },
        {
          "Stockcode": 382739,
          "CupPrice": 1,
          "CupMeasure": "1L",
          "CupString": "$1.00 / 1L",
          "HasCupPrice": true,
          "Price": 3,
          "Name": "Woolworths Select Light Milk",
          "UrlFriendlyName": "woolworths-select-light-milk",
          "Description": " Woolworths Select Light Milk 3l",
          "SmallImageFile": "/Content/wowProductImages/small/382739.jpg",
          "MediumImageFile": "/Content/wowProductImages/medium/382739.jpg",
          "LargeImageFile": "/Content/wowProductImages/medium/382739.jpg",
          "IsOnSpecial": false,
          "IsEdrSpecial": false,
          "SavingsAmount": 0,
          "WasPrice": 3,
          "QuantityInTrolley": 0,
          "Unit": "Each",
          "MinimumQuantity": 1,
          "IsInTrolley": false,
          "Source": "SearchProducts",
          "SupplyLimit": 36,
          "PackageSize": "3l",
          "IsPmDelivery": false,
          "IsForCollection": true,
          "IsForDelivery": true,
          "ImageTag": {
            "TagContent": null,
            "TagLink": null,
            "FallbackText": "",
            "TagType": "None"
          },
          "CentreTag": {
            "TagContent": null,
            "TagLink": null,
            "FallbackText": null,
            "TagType": "None"
          },
          "FooterTag": {
            "TagContent": "<div class=\"productTag-lowerpricealways\" style=\"\r\nheight:46px;\r\nposition:absolute;\r\ntop:-2px;\r\nleft:0;\r\nwidth:100%;\r\nbackground:#c20016;\r\ntext-align:center;\r\n\">\r\n<img src=\"/Content/Content/LPA_footer_img2.png\" width=\"166px\" height=\"13px\" alt=\"Lower Price Always\" style=\"display:inline-block; margin-top:15px;\">\r\n</div>\r\n<style>\r\n.cardViewCompact wow-shelf-product:not(.override-global-size) .card:not(.is-smallFormat).shelfProductStamp .productTag-lowerpricealways img{\r\n                max-width: 90%;\r\n}\r\n</style>",
            "TagLink": null,
            "FallbackText": null,
            "TagType": "Html"
          },
          "IsCentreTag": false,
          "IsFooterEnabled": true,
          "UnitWeightInGrams": 3270,
          "SupplyLimitMessage": "'Woolworths Select Light Milk' has a supply limit of 36. The quantity in your trolley has been reduced accordingly. To purchase a larger quantity, please contact us on 1800 000 610, or e-mail us at shoponline@woolworths.com.au. Please note - we do not supply trade orders.",
          "SmallFormatDescription": "Woolworths Select Light Milk",
          "IsAvailable": true,
          "AgeRestricted": false,
          "DisplayQuantity": 1,
          "RichDescription": "",
          "IsDeliveryPass": false,
          "HideWasSavedPrice": false
        }
      ],
      "Name": " Woolworths Select Lite Milk "
    },
    {
      "Products": [
        {
          "Stockcode": 750005,
          "CupPrice": 0.9,
          "CupMeasure": "100G",
          "CupString": "$0.90 / 100G",
          "HasCupPrice": true,
          "Price": 8.99,
          "Name": "Devondale Full Cream Milk Powder",
          "UrlFriendlyName": "devondale-full-cream-milk-powder",
          "Description": " Devondale Full Cream Milk<br>Powder 1kg",
          "SmallImageFile": "/Content/wowProductImages/small/750005.JPG",
          "MediumImageFile": "/Content/wowProductImages/medium/750005.JPG",
          "LargeImageFile": "/Content/wowProductImages/medium/750005.JPG",
          "IsOnSpecial": false,
          "IsEdrSpecial": false,
          "SavingsAmount": 0.00,
          "WasPrice": 8.99,
          "QuantityInTrolley": 0,
          "Unit": "Each",
          "MinimumQuantity": 1,
          "IsInTrolley": false,
          "Source": "SearchProducts",
          "SupplyLimit": 36,
          "PackageSize": "1kg",
          "IsPmDelivery": false,
          "IsForCollection": true,
          "IsForDelivery": true,
          "ImageTag": {
            "TagContent": "/Content/PromotionTags/final-aus-made.png",
            "TagLink": "/Shop/ProductGroup/35385",
            "FallbackText": "AUSTRALIAN MADE",
            "TagType": "None"
          },
          "CentreTag": {
            "TagContent": null,
            "TagLink": null,
            "FallbackText": null,
            "TagType": "None"
          },
          "FooterTag": {
            "TagContent": null,
            "TagLink": null,
            "FallbackText": null,
            "TagType": "None"
          },
          "IsCentreTag": false,
          "IsFooterEnabled": false,
          "UnitWeightInGrams": 1028,
          "SupplyLimitMessage": "'Devondale Full Cream Milk Powder' has a supply limit of 36. The quantity in your trolley has been reduced accordingly. To purchase a larger quantity, please contact us on 1800 000 610, or e-mail us at shoponline@woolworths.com.au. Please note - we do not supply trade orders.",
          "SmallFormatDescription": "Devondale Full Cream Milk Powder",
          "IsAvailable": true,
          "AgeRestricted": false,
          "DisplayQuantity": 1,
          "RichDescription": "",
          "IsDeliveryPass": false,
          "HideWasSavedPrice": false
        }
      ],
      "Name": " Devondale Full Cream Milk<br>Powder "
    },
    {
      "Products": [
        {
          "Stockcode": 789357,
          "CupPrice": 0.7,
          "CupMeasure": "100G",
          "CupString": "$0.70 / 100G",
          "HasCupPrice": true,
          "Price": 6.99,
          "Name": "Woolworths Select Full Cream Milk Powder",
          "UrlFriendlyName": "woolworths-select-full-cream-milk-powder",
          "Description": " Woolworths Select Full Cream<br>Milk Powder 1kg",
          "SmallImageFile": "/Content/wowProductImages/small/789357.jpg",
          "MediumImageFile": "/Content/wowProductImages/medium/789357.jpg",
          "LargeImageFile": "/Content/wowProductImages/medium/789357.jpg",
          "IsOnSpecial": false,
          "IsEdrSpecial": false,
          "SavingsAmount": 0.00,
          "WasPrice": 6.99,
          "QuantityInTrolley": 0,
          "Unit": "Each",
          "MinimumQuantity": 1,
          "IsInTrolley": false,
          "Source": "SearchProducts",
          "SupplyLimit": 36,
          "PackageSize": "1kg",
          "IsPmDelivery": false,
          "IsForCollection": true,
          "IsForDelivery": true,
          "ImageTag": {
            "TagContent": null,
            "TagLink": null,
            "FallbackText": "",
            "TagType": "None"
          },
          "CentreTag": {
            "TagContent": null,
            "TagLink": null,
            "FallbackText": null,
            "TagType": "None"
          },
          "FooterTag": {
            "TagContent": null,
            "TagLink": null,
            "FallbackText": null,
            "TagType": "None"
          },
          "IsCentreTag": false,
          "IsFooterEnabled": false,
          "UnitWeightInGrams": 1024,
          "SupplyLimitMessage": "'Woolworths Select Full Cream Milk Powder' has a supply limit of 36. The quantity in your trolley has been reduced accordingly. To purchase a larger quantity, please contact us on 1800 000 610, or e-mail us at shoponline@woolworths.com.au. Please note - we do not supply trade orders.",
          "SmallFormatDescription": "Woolworths Select Full Cream Milk Powder",
          "IsAvailable": true,
          "AgeRestricted": false,
          "DisplayQuantity": 1,
          "RichDescription": "",
          "IsDeliveryPass": false,
          "HideWasSavedPrice": false
        }
      ],
      "Name": " Woolworths Select Full Cream<br>Milk Powder "
    },
    {
      "Products": [
        {
          "Stockcode": 325297,
          "CupPrice": 2.55,
          "CupMeasure": "1L",
          "CupString": "$2.55 / 1L",
          "HasCupPrice": true,
          "Price": 2.55,
          "Name": "A2 Full Cream Milk",
          "UrlFriendlyName": "a2-full-cream-milk",
          "Description": " A2 Full Cream Milk 1l",
          "SmallImageFile": "/Content/wowProductImages/small/325297.JPG",
          "MediumImageFile": "/Content/wowProductImages/medium/325297.JPG",
          "LargeImageFile": "/Content/wowProductImages/medium/325297.JPG",
          "IsOnSpecial": false,
          "IsEdrSpecial": false,
          "SavingsAmount": 0.00,
          "WasPrice": 2.55,
          "QuantityInTrolley": 0,
          "Unit": "Each",
          "MinimumQuantity": 1,
          "IsInTrolley": false,
          "Source": "SearchProducts",
          "SupplyLimit": 36,
          "PackageSize": "1l",
          "IsPmDelivery": false,
          "IsForCollection": true,
          "IsForDelivery": true,
          "ImageTag": {
            "TagContent": null,
            "TagLink": null,
            "FallbackText": "",
            "TagType": "None"
          },
          "CentreTag": {
            "TagContent": null,
            "TagLink": null,
            "FallbackText": null,
            "TagType": "None"
          },
          "FooterTag": {
            "TagContent": null,
            "TagLink": null,
            "FallbackText": null,
            "TagType": "None"
          },
          "IsCentreTag": false,
          "IsFooterEnabled": false,
          "UnitWeightInGrams": 1088,
          "SupplyLimitMessage": "'A2 Full Cream Milk' has a supply limit of 36. The quantity in your trolley has been reduced accordingly. To purchase a larger quantity, please contact us on 1800 000 610, or e-mail us at shoponline@woolworths.com.au. Please note - we do not supply trade orders.",
          "SmallFormatDescription": "A2 Full Cream Milk",
          "IsAvailable": true,
          "AgeRestricted": false,
          "DisplayQuantity": 1,
          "RichDescription": "",
          "IsDeliveryPass": false,
          "HideWasSavedPrice": false
        }
      ],
      "Name": " A2 Full Cream Milk "
    },
    {
      "Products": [
        {
          "Stockcode": 748595,
          "CupPrice": 0.9,
          "CupMeasure": "1L",
          "CupString": "$0.90 / 1L",
          "HasCupPrice": true,
          "Price": 0.9,
          "Name": "Woolworths Select Uht Full Cream Milk",
          "UrlFriendlyName": "woolworths-select-uht-full-cream-milk",
          "Description": " Woolworths Select Uht Full<br>Cream Milk 1l",
          "SmallImageFile": "/Content/wowProductImages/small/748595.JPG",
          "MediumImageFile": "/Content/wowProductImages/medium/748595.JPG",
          "LargeImageFile": "/Content/wowProductImages/medium/748595.JPG",
          "IsOnSpecial": false,
          "IsEdrSpecial": false,
          "SavingsAmount": 0.0,
          "WasPrice": 0.9,
          "QuantityInTrolley": 0,
          "Unit": "Each",
          "MinimumQuantity": 1,
          "IsInTrolley": false,
          "Source": "SearchProducts",
          "SupplyLimit": 36,
          "PackageSize": "1l",
          "IsPmDelivery": false,
          "IsForCollection": true,
          "IsForDelivery": true,
          "ImageTag": {
            "TagContent": null,
            "TagLink": null,
            "FallbackText": "",
            "TagType": "None"
          },
          "CentreTag": {
            "TagContent": null,
            "TagLink": null,
            "FallbackText": null,
            "TagType": "None"
          },
          "FooterTag": {
            "TagContent": "<div class=\"productTag-lowerpricealways\" style=\"\r\nheight:46px;\r\nposition:absolute;\r\ntop:-2px;\r\nleft:0;\r\nwidth:100%;\r\nbackground:#c20016;\r\ntext-align:center;\r\n\">\r\n<img src=\"/Content/Content/LPA_footer_img2.png\" width=\"166px\" height=\"13px\" alt=\"Lower Price Always\" style=\"display:inline-block; margin-top:15px;\">\r\n</div>\r\n<style>\r\n.cardViewCompact wow-shelf-product:not(.override-global-size) .card:not(.is-smallFormat).shelfProductStamp .productTag-lowerpricealways img{\r\n                max-width: 90%;\r\n}\r\n</style>",
            "TagLink": null,
            "FallbackText": null,
            "TagType": "Html"
          },
          "IsCentreTag": false,
          "IsFooterEnabled": true,
          "UnitWeightInGrams": 1082,
          "SupplyLimitMessage": "'Woolworths Select Uht Full Cream Milk' has a supply limit of 36. The quantity in your trolley has been reduced accordingly. To purchase a larger quantity, please contact us on 1800 000 610, or e-mail us at shoponline@woolworths.com.au. Please note - we do not supply trade orders.",
          "SmallFormatDescription": "Woolworths Select Uht Full Cream Milk",
          "IsAvailable": true,
          "AgeRestricted": false,
          "DisplayQuantity": 1,
          "RichDescription": "",
          "IsDeliveryPass": false,
          "HideWasSavedPrice": false
        }
      ],
      "Name": " Woolworths Select Uht Full<br>Cream Milk "
    },
    {
      "Products": [
        {
          "Stockcode": 964036,
          "CupPrice": 1,
          "CupMeasure": "1L",
          "CupString": "$1.00 / 1L",
          "HasCupPrice": true,
          "Price": 2,
          "Name": "Pauls Longlife Milk Full Cream",
          "UrlFriendlyName": "pauls-longlife-milk-full-cream",
          "Description": " Pauls Longlife Milk Full<br>Cream 2l",
          "SmallImageFile": "/Content/wowProductImages/small/964036.jpg",
          "MediumImageFile": "/Content/wowProductImages/medium/964036.jpg",
          "LargeImageFile": "/Content/wowProductImages/large/964036.jpg",
          "IsOnSpecial": false,
          "IsEdrSpecial": false,
          "SavingsAmount": 0,
          "WasPrice": 2,
          "QuantityInTrolley": 0,
          "Unit": "Each",
          "MinimumQuantity": 1,
          "IsInTrolley": false,
          "Source": "SearchProducts",
          "SupplyLimit": 36,
          "PackageSize": "2l",
          "IsPmDelivery": false,
          "IsForCollection": true,
          "IsForDelivery": true,
          "ImageTag": {
            "TagContent": null,
            "TagLink": null,
            "FallbackText": "",
            "TagType": "None"
          },
          "CentreTag": {
            "TagContent": null,
            "TagLink": null,
            "FallbackText": null,
            "TagType": "None"
          },
          "FooterTag": {
            "TagContent": "<div class=\"productTag-lowerpricealways\" style=\"\r\nheight:46px;\r\nposition:absolute;\r\ntop:-2px;\r\nleft:0;\r\nwidth:100%;\r\nbackground:#c20016;\r\ntext-align:center;\r\n\">\r\n<img src=\"/Content/Content/LPA_footer_img2.png\" width=\"166px\" height=\"13px\" alt=\"Lower Price Always\" style=\"display:inline-block; margin-top:15px;\">\r\n</div>\r\n<style>\r\n.cardViewCompact wow-shelf-product:not(.override-global-size) .card:not(.is-smallFormat).shelfProductStamp .productTag-lowerpricealways img{\r\n                max-width: 90%;\r\n}\r\n</style>",
            "TagLink": null,
            "FallbackText": null,
            "TagType": "Html"
          },
          "IsCentreTag": false,
          "IsFooterEnabled": true,
          "UnitWeightInGrams": 2200,
          "SupplyLimitMessage": "'Pauls Longlife Milk Full Cream' has a supply limit of 36. The quantity in your trolley has been reduced accordingly. To purchase a larger quantity, please contact us on 1800 000 610, or e-mail us at shoponline@woolworths.com.au. Please note - we do not supply trade orders.",
          "SmallFormatDescription": "Pauls Longlife Milk Full Cream",
          "IsAvailable": true,
          "AgeRestricted": false,
          "DisplayQuantity": 1,
          "RichDescription": "",
          "IsDeliveryPass": false,
          "HideWasSavedPrice": false
        }
      ],
      "Name": " Pauls Longlife Milk Full Cream "
    },
    {
      "Products": [
        {
          "Stockcode": 928756,
          "CupPrice": 1.33,
          "CupMeasure": "1L",
          "CupString": "$1.33 / 1L",
          "HasCupPrice": true,
          "Price": 3.99,
          "Name": "Pauls Full Cream Long Life Milk",
          "UrlFriendlyName": "pauls-full-cream-long-life-milk",
          "Description": " Pauls Full Cream Long Life<br>Milk 3x1l",
          "SmallImageFile": "/Content/wowProductImages/small/928756.jpg",
          "MediumImageFile": "/Content/wowProductImages/medium/928756.jpg",
          "LargeImageFile": "/Content/wowProductImages/large/928756.jpg",
          "IsOnSpecial": false,
          "IsEdrSpecial": false,
          "SavingsAmount": 0.00,
          "WasPrice": 3.99,
          "QuantityInTrolley": 0,
          "Unit": "Each",
          "MinimumQuantity": 1,
          "IsInTrolley": false,
          "Source": "SearchProducts",
          "SupplyLimit": 36,
          "PackageSize": "3x1l",
          "IsPmDelivery": false,
          "IsForCollection": true,
          "IsForDelivery": true,
          "ImageTag": {
            "TagContent": null,
            "TagLink": null,
            "FallbackText": "",
            "TagType": "None"
          },
          "CentreTag": {
            "TagContent": null,
            "TagLink": null,
            "FallbackText": null,
            "TagType": "None"
          },
          "FooterTag": {
            "TagContent": "<div class=\"productTag-lowerpricealways\" style=\"\r\nheight:46px;\r\nposition:absolute;\r\ntop:-2px;\r\nleft:0;\r\nwidth:100%;\r\nbackground:#c20016;\r\ntext-align:center;\r\n\">\r\n<img src=\"/Content/Content/LPA_footer_img2.png\" width=\"166px\" height=\"13px\" alt=\"Lower Price Always\" style=\"display:inline-block; margin-top:15px;\">\r\n</div>\r\n<style>\r\n.cardViewCompact wow-shelf-product:not(.override-global-size) .card:not(.is-smallFormat).shelfProductStamp .productTag-lowerpricealways img{\r\n                max-width: 90%;\r\n}\r\n</style>",
            "TagLink": null,
            "FallbackText": null,
            "TagType": "Html"
          },
          "IsCentreTag": false,
          "IsFooterEnabled": true,
          "UnitWeightInGrams": 3188,
          "SupplyLimitMessage": "'Pauls Full Cream Long Life Milk' has a supply limit of 36. The quantity in your trolley has been reduced accordingly. To purchase a larger quantity, please contact us on 1800 000 610, or e-mail us at shoponline@woolworths.com.au. Please note - we do not supply trade orders.",
          "SmallFormatDescription": "Pauls Full Cream Long Life Milk",
          "IsAvailable": true,
          "AgeRestricted": false,
          "DisplayQuantity": 1,
          "RichDescription": "",
          "IsDeliveryPass": false,
          "HideWasSavedPrice": false
        }
      ],
      "Name": " Pauls Full Cream Long Life<br>Milk "
    },
    {
      "Products": [
        {
          "Stockcode": 310679,
          "CupPrice": 5.07,
          "CupMeasure": "1L",
          "CupString": "$5.07 / 1L",
          "HasCupPrice": true,
          "Price": 0.76,
          "Name": "Devondale 100% Pure Full Cream Long Life Milk",
          "UrlFriendlyName": "devondale-100-pure-full-cream-long-life-milk",
          "Description": " Devondale 100% Pure Full<br>Cream Long Life... 150ml",
          "SmallImageFile": "/Content/wowProductImages/small/310679.jpg",
          "MediumImageFile": "/Content/wowProductImages/medium/310679.jpg",
          "LargeImageFile": "/Content/wowProductImages/medium/310679.jpg",
          "IsOnSpecial": false,
          "IsEdrSpecial": false,
          "SavingsAmount": 0.00,
          "WasPrice": 0.76,
          "QuantityInTrolley": 0,
          "Unit": "Each",
          "MinimumQuantity": 1,
          "IsInTrolley": false,
          "Source": "SearchProducts",
          "SupplyLimit": 36,
          "PackageSize": "150ml",
          "IsPmDelivery": false,
          "IsForCollection": true,
          "IsForDelivery": true,
          "ImageTag": {
            "TagContent": "/Content/PromotionTags/final-aus-made.png",
            "TagLink": "/Shop/ProductGroup/35385",
            "FallbackText": "AUSTRALIAN MADE",
            "TagType": "None"
          },
          "CentreTag": {
            "TagContent": null,
            "TagLink": null,
            "FallbackText": null,
            "TagType": "None"
          },
          "FooterTag": {
            "TagContent": null,
            "TagLink": null,
            "FallbackText": null,
            "TagType": "None"
          },
          "IsCentreTag": false,
          "IsFooterEnabled": false,
          "UnitWeightInGrams": 152,
          "SupplyLimitMessage": "'Devondale 100% Pure Full Cream Long Life Milk' has a supply limit of 36. The quantity in your trolley has been reduced accordingly. To purchase a larger quantity, please contact us on 1800 000 610, or e-mail us at shoponline@woolworths.com.au. Please note - we do not supply trade orders.",
          "SmallFormatDescription": "Devondale 100% Pure Full Cream Long Life Milk",
          "IsAvailable": true,
          "AgeRestricted": false,
          "DisplayQuantity": 1,
          "RichDescription": "",
          "IsDeliveryPass": false,
          "HideWasSavedPrice": false
        },
        {
          "Stockcode": 33557,
          "CupPrice": 1.29,
          "CupMeasure": "1L",
          "CupString": "$1.29 / 1L",
          "HasCupPrice": true,
          "Price": 1.29,
          "Name": "Devondale 100% Pure Full Cream Long Life Milk",
          "UrlFriendlyName": "devondale-100-pure-full-cream-long-life-milk",
          "Description": " Devondale 100% Pure Full<br>Cream Long Life Milk 1l",
          "SmallImageFile": "/Content/wowProductImages/small/033557.jpg",
          "MediumImageFile": "/Content/wowProductImages/medium/033557.jpg",
          "LargeImageFile": "/Content/wowProductImages/medium/033557.jpg",
          "IsOnSpecial": true,
          "IsEdrSpecial": false,
          "SavingsAmount": 0.15,
          "WasPrice": 1.44,
          "QuantityInTrolley": 0,
          "Unit": "Each",
          "MinimumQuantity": 1,
          "IsInTrolley": false,
          "Source": "SearchProducts",
          "SupplyLimit": 36,
          "PackageSize": "1l",
          "IsPmDelivery": false,
          "IsForCollection": true,
          "IsForDelivery": true,
          "ImageTag": {
            "TagContent": "/Content/PromotionTags/final-special.png",
            "TagLink": "",
            "FallbackText": "On Special",
            "TagType": "None"
          },
          "CentreTag": {
            "TagContent": null,
            "TagLink": null,
            "FallbackText": null,
            "TagType": "None"
          },
          "FooterTag": {
            "TagContent": null,
            "TagLink": null,
            "FallbackText": null,
            "TagType": "None"
          },
          "IsCentreTag": false,
          "IsFooterEnabled": false,
          "UnitWeightInGrams": 1072,
          "SupplyLimitMessage": "'Devondale 100% Pure Full Cream Long Life Milk' has a supply limit of 36. The quantity in your trolley has been reduced accordingly. To purchase a larger quantity, please contact us on 1800 000 610, or e-mail us at shoponline@woolworths.com.au. Please note - we do not supply trade orders.",
          "SmallFormatDescription": "Devondale 100% Pure Full Cream Long Life Milk",
          "IsAvailable": true,
          "AgeRestricted": false,
          "DisplayQuantity": 1,
          "RichDescription": "",
          "IsDeliveryPass": false,
          "HideWasSavedPrice": false
        },
        {
          "Stockcode": 90032,
          "CupPrice": 3.1,
          "CupMeasure": "1L",
          "CupString": "$3.10 / 1L",
          "HasCupPrice": true,
          "Price": 3.72,
          "Name": "Devondale 100% Pure Full Cream Long Life Milk",
          "UrlFriendlyName": "devondale-100-pure-full-cream-long-life-milk",
          "Description": " Devondale 100% Pure Full<br>Cream Long Life... 6x200ml",
          "SmallImageFile": "/Content/wowProductImages/small/090032.jpg",
          "MediumImageFile": "/Content/wowProductImages/medium/090032.jpg",
          "LargeImageFile": "/Content/wowProductImages/medium/090032.jpg",
          "IsOnSpecial": false,
          "IsEdrSpecial": false,
          "SavingsAmount": 0.00,
          "WasPrice": 3.72,
          "QuantityInTrolley": 0,
          "Unit": "Each",
          "MinimumQuantity": 1,
          "IsInTrolley": false,
          "Source": "SearchProducts",
          "SupplyLimit": 36,
          "PackageSize": "6x200ml",
          "IsPmDelivery": false,
          "IsForCollection": true,
          "IsForDelivery": true,
          "ImageTag": {
            "TagContent": "/Content/PromotionTags/final-aus-made.png",
            "TagLink": "/Shop/ProductGroup/35385",
            "FallbackText": "AUSTRALIAN MADE",
            "TagType": "None"
          },
          "CentreTag": {
            "TagContent": null,
            "TagLink": null,
            "FallbackText": null,
            "TagType": "None"
          },
          "FooterTag": {
            "TagContent": null,
            "TagLink": null,
            "FallbackText": null,
            "TagType": "None"
          },
          "IsCentreTag": false,
          "IsFooterEnabled": false,
          "UnitWeightInGrams": 1310,
          "SupplyLimitMessage": "'Devondale 100% Pure Full Cream Long Life Milk' has a supply limit of 36. The quantity in your trolley has been reduced accordingly. To purchase a larger quantity, please contact us on 1800 000 610, or e-mail us at shoponline@woolworths.com.au. Please note - we do not supply trade orders.",
          "SmallFormatDescription": "Devondale 100% Pure Full Cream Long Life Milk",
          "IsAvailable": true,
          "AgeRestricted": false,
          "DisplayQuantity": 1,
          "RichDescription": "",
          "IsDeliveryPass": false,
          "HideWasSavedPrice": false
        },
        {
          "Stockcode": 250050,
          "CupPrice": 1,
          "CupMeasure": "1L",
          "CupString": "$1.00 / 1L",
          "HasCupPrice": true,
          "Price": 2,
          "Name": "Devondale 100% Pure Full Cream Long Life Milk",
          "UrlFriendlyName": "devondale-100-pure-full-cream-long-life-milk",
          "Description": " Devondale 100% Pure Full<br>Cream Long Life Milk 2l",
          "SmallImageFile": "/Content/wowProductImages/small/250050.jpg",
          "MediumImageFile": "/Content/wowProductImages/medium/250050.jpg",
          "LargeImageFile": "/Content/wowProductImages/medium/250050.jpg",
          "IsOnSpecial": true,
          "IsEdrSpecial": false,
          "SavingsAmount": 0.85,
          "WasPrice": 2.85,
          "QuantityInTrolley": 0,
          "Unit": "Each",
          "MinimumQuantity": 1,
          "IsInTrolley": false,
          "Source": "SearchProducts",
          "SupplyLimit": 36,
          "PackageSize": "2l",
          "IsPmDelivery": false,
          "IsForCollection": true,
          "IsForDelivery": true,
          "ImageTag": {
            "TagContent": "/Content/PromotionTags/final-special.png",
            "TagLink": "",
            "FallbackText": "On Special",
            "TagType": "None"
          },
          "CentreTag": {
            "TagContent": null,
            "TagLink": null,
            "FallbackText": null,
            "TagType": "None"
          },
          "FooterTag": {
            "TagContent": null,
            "TagLink": null,
            "FallbackText": null,
            "TagType": "None"
          },
          "IsCentreTag": false,
          "IsFooterEnabled": false,
          "UnitWeightInGrams": 2116,
          "SupplyLimitMessage": "'Devondale 100% Pure Full Cream Long Life Milk' has a supply limit of 36. The quantity in your trolley has been reduced accordingly. To purchase a larger quantity, please contact us on 1800 000 610, or e-mail us at shoponline@woolworths.com.au. Please note - we do not supply trade orders.",
          "SmallFormatDescription": "Devondale 100% Pure Full Cream Long Life Milk",
          "IsAvailable": true,
          "AgeRestricted": false,
          "DisplayQuantity": 1,
          "RichDescription": "",
          "IsDeliveryPass": false,
          "HideWasSavedPrice": false
        }
      ],
      "Name": " Devondale 100% Pure Long Life<br>Milk Full Cream "
    },
    {
      "Products": [
        {
          "Stockcode": 33557,
          "CupPrice": 1.29,
          "CupMeasure": "1L",
          "CupString": "$1.29 / 1L",
          "HasCupPrice": true,
          "Price": 1.29,
          "Name": "Devondale 100% Pure Full Cream Long Life Milk",
          "UrlFriendlyName": "devondale-100-pure-full-cream-long-life-milk",
          "Description": " Devondale 100% Pure Full<br>Cream Long Life Milk 1l",
          "SmallImageFile": "/Content/wowProductImages/small/033557.jpg",
          "MediumImageFile": "/Content/wowProductImages/medium/033557.jpg",
          "LargeImageFile": "/Content/wowProductImages/medium/033557.jpg",
          "IsOnSpecial": true,
          "IsEdrSpecial": false,
          "SavingsAmount": 0.15,
          "WasPrice": 1.44,
          "QuantityInTrolley": 0,
          "Unit": "Each",
          "MinimumQuantity": 1,
          "IsInTrolley": false,
          "Source": "SearchProducts",
          "SupplyLimit": 36,
          "PackageSize": "1l",
          "IsPmDelivery": false,
          "IsForCollection": true,
          "IsForDelivery": true,
          "ImageTag": {
            "TagContent": "/Content/PromotionTags/final-special.png",
            "TagLink": "",
            "FallbackText": "On Special",
            "TagType": "None"
          },
          "CentreTag": {
            "TagContent": null,
            "TagLink": null,
            "FallbackText": null,
            "TagType": "None"
          },
          "FooterTag": {
            "TagContent": null,
            "TagLink": null,
            "FallbackText": null,
            "TagType": "None"
          },
          "IsCentreTag": false,
          "IsFooterEnabled": false,
          "UnitWeightInGrams": 1072,
          "SupplyLimitMessage": "'Devondale 100% Pure Full Cream Long Life Milk' has a supply limit of 36. The quantity in your trolley has been reduced accordingly. To purchase a larger quantity, please contact us on 1800 000 610, or e-mail us at shoponline@woolworths.com.au. Please note - we do not supply trade orders.",
          "SmallFormatDescription": "Devondale 100% Pure Full Cream Long Life Milk",
          "IsAvailable": true,
          "AgeRestricted": false,
          "DisplayQuantity": 1,
          "RichDescription": "",
          "IsDeliveryPass": false,
          "HideWasSavedPrice": false
        }
      ],
      "Name": " Devondale 100% Pure Full Cream<br>Long Life Milk "
    },
    {
      "Products": [
        {
          "Stockcode": 250050,
          "CupPrice": 1,
          "CupMeasure": "1L",
          "CupString": "$1.00 / 1L",
          "HasCupPrice": true,
          "Price": 2,
          "Name": "Devondale 100% Pure Full Cream Long Life Milk",
          "UrlFriendlyName": "devondale-100-pure-full-cream-long-life-milk",
          "Description": " Devondale 100% Pure Full<br>Cream Long Life Milk 2l",
          "SmallImageFile": "/Content/wowProductImages/small/250050.jpg",
          "MediumImageFile": "/Content/wowProductImages/medium/250050.jpg",
          "LargeImageFile": "/Content/wowProductImages/medium/250050.jpg",
          "IsOnSpecial": true,
          "IsEdrSpecial": false,
          "SavingsAmount": 0.85,
          "WasPrice": 2.85,
          "QuantityInTrolley": 0,
          "Unit": "Each",
          "MinimumQuantity": 1,
          "IsInTrolley": false,
          "Source": "SearchProducts",
          "SupplyLimit": 36,
          "PackageSize": "2l",
          "IsPmDelivery": false,
          "IsForCollection": true,
          "IsForDelivery": true,
          "ImageTag": {
            "TagContent": "/Content/PromotionTags/final-special.png",
            "TagLink": "",
            "FallbackText": "On Special",
            "TagType": "None"
          },
          "CentreTag": {
            "TagContent": null,
            "TagLink": null,
            "FallbackText": null,
            "TagType": "None"
          },
          "FooterTag": {
            "TagContent": null,
            "TagLink": null,
            "FallbackText": null,
            "TagType": "None"
          },
          "IsCentreTag": false,
          "IsFooterEnabled": false,
          "UnitWeightInGrams": 2116,
          "SupplyLimitMessage": "'Devondale 100% Pure Full Cream Long Life Milk' has a supply limit of 36. The quantity in your trolley has been reduced accordingly. To purchase a larger quantity, please contact us on 1800 000 610, or e-mail us at shoponline@woolworths.com.au. Please note - we do not supply trade orders.",
          "SmallFormatDescription": "Devondale 100% Pure Full Cream Long Life Milk",
          "IsAvailable": true,
          "AgeRestricted": false,
          "DisplayQuantity": 1,
          "RichDescription": "",
          "IsDeliveryPass": false,
          "HideWasSavedPrice": false
        }
      ],
      "Name": " Devondale 100% Pure Full Cream<br>Long Life Milk "
    },
    {
      "Products": [
        {
          "Stockcode": 323390,
          "CupPrice": 2.35,
          "CupMeasure": "1L",
          "CupString": "$2.35 / 1L",
          "HasCupPrice": true,
          "Price": 4.69,
          "Name": "A2 Skim Milk",
          "UrlFriendlyName": "a2-skim-milk",
          "Description": " A2 Skim Milk 2l",
          "SmallImageFile": "/Content/wowProductImages/small/323390.JPG",
          "MediumImageFile": "/Content/wowProductImages/medium/323390.JPG",
          "LargeImageFile": "/Content/wowProductImages/medium/323390.JPG",
          "IsOnSpecial": false,
          "IsEdrSpecial": false,
          "SavingsAmount": 0.00,
          "WasPrice": 4.69,
          "QuantityInTrolley": 0,
          "Unit": "Each",
          "MinimumQuantity": 1,
          "IsInTrolley": false,
          "Source": "SearchProducts",
          "SupplyLimit": 36,
          "PackageSize": "2l",
          "IsPmDelivery": false,
          "IsForCollection": true,
          "IsForDelivery": true,
          "ImageTag": {
            "TagContent": null,
            "TagLink": null,
            "FallbackText": "",
            "TagType": "None"
          },
          "CentreTag": {
            "TagContent": null,
            "TagLink": null,
            "FallbackText": null,
            "TagType": "None"
          },
          "FooterTag": {
            "TagContent": "<div class=\"productTag-lowerpricealways\" style=\"\r\nheight:46px;\r\nposition:absolute;\r\ntop:-2px;\r\nleft:0;\r\nwidth:100%;\r\nbackground:#c20016;\r\ntext-align:center;\r\n\">\r\n<img src=\"/Content/Content/LPA_footer_img2.png\" width=\"166px\" height=\"13px\" alt=\"Lower Price Always\" style=\"display:inline-block; margin-top:15px;\">\r\n</div>\r\n<style>\r\n.cardViewCompact wow-shelf-product:not(.override-global-size) .card:not(.is-smallFormat).shelfProductStamp .productTag-lowerpricealways img{\r\n                max-width: 90%;\r\n}\r\n</style>",
            "TagLink": null,
            "FallbackText": null,
            "TagType": "Html"
          },
          "IsCentreTag": false,
          "IsFooterEnabled": true,
          "UnitWeightInGrams": 2112,
          "SupplyLimitMessage": "'A2 Skim Milk' has a supply limit of 36. The quantity in your trolley has been reduced accordingly. To purchase a larger quantity, please contact us on 1800 000 610, or e-mail us at shoponline@woolworths.com.au. Please note - we do not supply trade orders.",
          "SmallFormatDescription": "A2 Skim Milk",
          "IsAvailable": true,
          "AgeRestricted": false,
          "DisplayQuantity": 1,
          "RichDescription": "a2 milk™ no fat contains all the goodness of full cream but does not contain any fat.  high in calcium, providing 46% of your daily calcium needs in just one 250ml glass.  regular cows' milk today contains 2 main types of beta-casein protein, a1 and a2.  you can avoid the a1 protein in regular milk by drinking pure and natural a2 milk™ , the only milk from cows specially selected to naturally produce only the a2 protein, and not a1.  many people say they can feel the difference!",
          "IsDeliveryPass": false,
          "HideWasSavedPrice": false
        }
      ],
      "Name": " A2 Skim Milk "
    },
    {
      "Products": [
        {
          "Stockcode": 345464,
          "CupPrice": 1.5,
          "CupMeasure": "1L",
          "CupString": "$1.50 / 1L",
          "HasCupPrice": true,
          "Price": 2.99,
          "Name": "Riverina Skim Milk",
          "UrlFriendlyName": "riverina-skim-milk",
          "Description": " Riverina Skim Milk 2l",
          "SmallImageFile": "/Content/wowProductImages/small/345464.jpg",
          "MediumImageFile": "/Content/wowProductImages/medium/345464.jpg",
          "LargeImageFile": "/Content/wowProductImages/large/345464.jpg",
          "IsOnSpecial": false,
          "IsEdrSpecial": false,
          "SavingsAmount": 0.00,
          "WasPrice": 2.99,
          "QuantityInTrolley": 0,
          "Unit": "Each",
          "MinimumQuantity": 1,
          "IsInTrolley": false,
          "Source": "SearchProducts",
          "SupplyLimit": 36,
          "PackageSize": "2l",
          "IsPmDelivery": false,
          "IsForCollection": true,
          "IsForDelivery": true,
          "ImageTag": {
            "TagContent": null,
            "TagLink": null,
            "FallbackText": "",
            "TagType": "None"
          },
          "CentreTag": {
            "TagContent": null,
            "TagLink": null,
            "FallbackText": null,
            "TagType": "None"
          },
          "FooterTag": {
            "TagContent": null,
            "TagLink": null,
            "FallbackText": null,
            "TagType": "None"
          },
          "IsCentreTag": false,
          "IsFooterEnabled": false,
          "UnitWeightInGrams": 2130,
          "SupplyLimitMessage": "'Riverina Skim Milk' has a supply limit of 36. The quantity in your trolley has been reduced accordingly. To purchase a larger quantity, please contact us on 1800 000 610, or e-mail us at shoponline@woolworths.com.au. Please note - we do not supply trade orders.",
          "SmallFormatDescription": "Riverina Skim Milk",
          "IsAvailable": true,
          "AgeRestricted": false,
          "DisplayQuantity": 1,
          "RichDescription": "riverina fresh has been producing consistent, quality milk since 1922. our milk is sourced from a dedicated group of just over twenty pasture-based dairy farms tucked away in the lush farmland of the riverina region in nsw.\r\n\r\nriverina fresh milk has a smooth, full bodied flavour and is packed with natural goodness which is why it’s an award winning milk – most recently gold for our full fat milk at the dairy industry association of australia (diaa) 2014 awards.",
          "IsDeliveryPass": false,
          "HideWasSavedPrice": false
        }
      ],
      "Name": " Riverina Skim Milk "
    },
    {
      "Products": [
        {
          "Stockcode": 364643,
          "CupPrice": 2.69,
          "CupMeasure": "1L",
          "CupString": "$2.69 / 1L",
          "HasCupPrice": true,
          "Price": 2.69,
          "Name": "Pauls Skim Milk",
          "UrlFriendlyName": "pauls-skim-milk",
          "Description": " Pauls Skim Milk 1l",
          "SmallImageFile": "/Content/wowProductImages/small/364643.jpg",
          "MediumImageFile": "/Content/wowProductImages/medium/364643.jpg",
          "LargeImageFile": "/Content/wowProductImages/medium/364643.jpg",
          "IsOnSpecial": false,
          "IsEdrSpecial": false,
          "SavingsAmount": 0.00,
          "WasPrice": 2.69,
          "QuantityInTrolley": 0,
          "Unit": "Each",
          "MinimumQuantity": 1,
          "IsInTrolley": false,
          "Source": "SearchProducts",
          "SupplyLimit": 36,
          "PackageSize": "1l",
          "IsPmDelivery": false,
          "IsForCollection": true,
          "IsForDelivery": true,
          "ImageTag": {
            "TagContent": null,
            "TagLink": null,
            "FallbackText": "",
            "TagType": "None"
          },
          "CentreTag": {
            "TagContent": null,
            "TagLink": null,
            "FallbackText": null,
            "TagType": "None"
          },
          "FooterTag": {
            "TagContent": null,
            "TagLink": null,
            "FallbackText": null,
            "TagType": "None"
          },
          "IsCentreTag": false,
          "IsFooterEnabled": false,
          "UnitWeightInGrams": 1000,
          "SupplyLimitMessage": "'Pauls Skim Milk' has a supply limit of 36. The quantity in your trolley has been reduced accordingly. To purchase a larger quantity, please contact us on 1800 000 610, or e-mail us at shoponline@woolworths.com.au. Please note - we do not supply trade orders.",
          "SmallFormatDescription": "Pauls Skim Milk",
          "IsAvailable": true,
          "AgeRestricted": false,
          "DisplayQuantity": 1,
          "RichDescription": "pauls skim milk is 99.9% fat free and rich in calcium, plus it tastes great!",
          "IsDeliveryPass": false,
          "HideWasSavedPrice": false
        }
      ],
      "Name": " Pauls Skim Milk "
    },
    {
      "Products": [
        {
          "Stockcode": 703657,
          "CupPrice": 2.99,
          "CupMeasure": "1L",
          "CupString": "$2.99 / 1L",
          "HasCupPrice": true,
          "Price": 2.99,
          "Name": "Pauls Zymil Skim Milk",
          "UrlFriendlyName": "pauls-zymil-skim-milk",
          "Description": " Pauls Zymil Skim Milk 1l",
          "SmallImageFile": "/Content/wowProductImages/small/703657.jpg",
          "MediumImageFile": "/Content/wowProductImages/medium/703657.jpg",
          "LargeImageFile": "/Content/wowProductImages/large/703657.jpg",
          "IsOnSpecial": false,
          "IsEdrSpecial": false,
          "SavingsAmount": 0.00,
          "WasPrice": 2.99,
          "QuantityInTrolley": 0,
          "Unit": "Each",
          "MinimumQuantity": 1,
          "IsInTrolley": false,
          "Source": "SearchProducts",
          "SupplyLimit": 36,
          "PackageSize": "1l",
          "IsPmDelivery": false,
          "IsForCollection": true,
          "IsForDelivery": true,
          "ImageTag": {
            "TagContent": "/Content/PromotionTags/final-aus-made.png",
            "TagLink": "/Shop/ProductGroup/35385",
            "FallbackText": "AUSTRALIAN MADE",
            "TagType": "None"
          },
          "CentreTag": {
            "TagContent": null,
            "TagLink": null,
            "FallbackText": null,
            "TagType": "None"
          },
          "FooterTag": {
            "TagContent": null,
            "TagLink": null,
            "FallbackText": null,
            "TagType": "None"
          },
          "IsCentreTag": false,
          "IsFooterEnabled": false,
          "UnitWeightInGrams": 1000,
          "SupplyLimitMessage": "'Pauls Zymil Skim Milk' has a supply limit of 36. The quantity in your trolley has been reduced accordingly. To purchase a larger quantity, please contact us on 1800 000 610, or e-mail us at shoponline@woolworths.com.au. Please note - we do not supply trade orders.",
          "SmallFormatDescription": "Pauls Zymil Skim Milk",
          "IsAvailable": true,
          "AgeRestricted": false,
          "DisplayQuantity": 1,
          "RichDescription": "milk is a natural source of protein, vitamins and minerals essential for good health. rich in calcium, pauls zymil is simply milk which is easy to digest*, plus it is lactose free! \r\n\r\n*including calcium from pauls zymil as part of a varied and healthy diet supports digestion.",
          "IsDeliveryPass": false,
          "HideWasSavedPrice": false
        }
      ],
      "Name": " Pauls Zymil Skim Milk "
    },
    {
      "Products": [
        {
          "Stockcode": 89926,
          "CupPrice": 2,
          "CupMeasure": "1L",
          "CupString": "$2.00 / 1L",
          "HasCupPrice": true,
          "Price": 3.99,
          "Name": "Dairy Farmers Permeate Free Skim Milk",
          "UrlFriendlyName": "dairy-farmers-permeate-free-skim-milk",
          "Description": " Dairy Farmers Permeate Free<br>Skim Milk 2l",
          "SmallImageFile": "/Content/wowProductImages/small/089926.jpg",
          "MediumImageFile": "/Content/wowProductImages/medium/089926.jpg",
          "LargeImageFile": "/Content/wowProductImages/medium/089926.jpg",
          "IsOnSpecial": false,
          "IsEdrSpecial": false,
          "SavingsAmount": 0.00,
          "WasPrice": 3.99,
          "QuantityInTrolley": 0,
          "Unit": "Each",
          "MinimumQuantity": 1,
          "IsInTrolley": false,
          "Source": "SearchProducts",
          "SupplyLimit": 36,
          "PackageSize": "2l",
          "IsPmDelivery": false,
          "IsForCollection": true,
          "IsForDelivery": true,
          "ImageTag": {
            "TagContent": null,
            "TagLink": null,
            "FallbackText": "",
            "TagType": "None"
          },
          "CentreTag": {
            "TagContent": null,
            "TagLink": null,
            "FallbackText": null,
            "TagType": "None"
          },
          "FooterTag": {
            "TagContent": null,
            "TagLink": null,
            "FallbackText": null,
            "TagType": "None"
          },
          "IsCentreTag": false,
          "IsFooterEnabled": false,
          "UnitWeightInGrams": 2112,
          "SupplyLimitMessage": "'Dairy Farmers Permeate Free Skim Milk' has a supply limit of 36. The quantity in your trolley has been reduced accordingly. To purchase a larger quantity, please contact us on 1800 000 610, or e-mail us at shoponline@woolworths.com.au. Please note - we do not supply trade orders.",
          "SmallFormatDescription": "Dairy Farmers Permeate Free Skim Milk",
          "IsAvailable": true,
          "AgeRestricted": false,
          "DisplayQuantity": 1,
          "RichDescription": "",
          "IsDeliveryPass": false,
          "HideWasSavedPrice": false
        }
      ],
      "Name": " Dairy Farmers Permeate Free<br>Skim Milk "
    },
    {
      "Products": [
        {
          "Stockcode": 52082,
          "CupPrice": 1.48,
          "CupMeasure": "1L",
          "CupString": "$1.48 / 1L",
          "HasCupPrice": true,
          "Price": 0.89,
          "Name": "Woolworths Skim Milk",
          "UrlFriendlyName": "woolworths-skim-milk",
          "Description": " Woolworths Skim Milk 600ml",
          "SmallImageFile": "/Content/wowProductImages/small/052082.jpg",
          "MediumImageFile": "/Content/wowProductImages/medium/052082.jpg",
          "LargeImageFile": "/Content/wowProductImages/medium/052082.jpg",
          "IsOnSpecial": false,
          "IsEdrSpecial": false,
          "SavingsAmount": 0.00,
          "WasPrice": 0.89,
          "QuantityInTrolley": 0,
          "Unit": "Each",
          "MinimumQuantity": 1,
          "IsInTrolley": false,
          "Source": "SearchProducts",
          "SupplyLimit": 36,
          "PackageSize": "600ml",
          "IsPmDelivery": false,
          "IsForCollection": true,
          "IsForDelivery": true,
          "ImageTag": {
            "TagContent": null,
            "TagLink": null,
            "FallbackText": "",
            "TagType": "None"
          },
          "CentreTag": {
            "TagContent": null,
            "TagLink": null,
            "FallbackText": null,
            "TagType": "None"
          },
          "FooterTag": {
            "TagContent": null,
            "TagLink": null,
            "FallbackText": null,
            "TagType": "None"
          },
          "IsCentreTag": false,
          "IsFooterEnabled": false,
          "UnitWeightInGrams": 600,
          "SupplyLimitMessage": "'Woolworths Skim Milk' has a supply limit of 36. The quantity in your trolley has been reduced accordingly. To purchase a larger quantity, please contact us on 1800 000 610, or e-mail us at shoponline@woolworths.com.au. Please note - we do not supply trade orders.",
          "SmallFormatDescription": "Woolworths Skim Milk",
          "IsAvailable": true,
          "AgeRestricted": false,
          "DisplayQuantity": 1,
          "RichDescription": "",
          "IsDeliveryPass": false,
          "HideWasSavedPrice": false
        },
        {
          "Stockcode": 51379,
          "CupPrice": 1.25,
          "CupMeasure": "1L",
          "CupString": "$1.25 / 1L",
          "HasCupPrice": true,
          "Price": 1.25,
          "Name": "Woolworths Select Skim Milk",
          "UrlFriendlyName": "woolworths-select-skim-milk",
          "Description": " Woolworths Select Skim Milk 1l",
          "SmallImageFile": "/Content/wowProductImages/small/051379.jpg",
          "MediumImageFile": "/Content/wowProductImages/medium/051379.jpg",
          "LargeImageFile": "/Content/wowProductImages/medium/051379.jpg",
          "IsOnSpecial": false,
          "IsEdrSpecial": false,
          "SavingsAmount": 0.00,
          "WasPrice": 1.25,
          "QuantityInTrolley": 0,
          "Unit": "Each",
          "MinimumQuantity": 1,
          "IsInTrolley": false,
          "Source": "SearchProducts",
          "SupplyLimit": 36,
          "PackageSize": "1l",
          "IsPmDelivery": false,
          "IsForCollection": true,
          "IsForDelivery": true,
          "ImageTag": {
            "TagContent": null,
            "TagLink": null,
            "FallbackText": "",
            "TagType": "None"
          },
          "CentreTag": {
            "TagContent": null,
            "TagLink": null,
            "FallbackText": null,
            "TagType": "None"
          },
          "FooterTag": {
            "TagContent": "<div class=\"productTag-lowerpricealways\" style=\"\r\nheight:46px;\r\nposition:absolute;\r\ntop:-2px;\r\nleft:0;\r\nwidth:100%;\r\nbackground:#c20016;\r\ntext-align:center;\r\n\">\r\n<img src=\"/Content/Content/LPA_footer_img2.png\" width=\"166px\" height=\"13px\" alt=\"Lower Price Always\" style=\"display:inline-block; margin-top:15px;\">\r\n</div>\r\n<style>\r\n.cardViewCompact wow-shelf-product:not(.override-global-size) .card:not(.is-smallFormat).shelfProductStamp .productTag-lowerpricealways img{\r\n                max-width: 90%;\r\n}\r\n</style>",
            "TagLink": null,
            "FallbackText": null,
            "TagType": "Html"
          },
          "IsCentreTag": false,
          "IsFooterEnabled": true,
          "UnitWeightInGrams": 1000,
          "SupplyLimitMessage": "'Woolworths Select Skim Milk' has a supply limit of 36. The quantity in your trolley has been reduced accordingly. To purchase a larger quantity, please contact us on 1800 000 610, or e-mail us at shoponline@woolworths.com.au. Please note - we do not supply trade orders.",
          "SmallFormatDescription": "Woolworths Select Skim Milk",
          "IsAvailable": true,
          "AgeRestricted": false,
          "DisplayQuantity": 1,
          "RichDescription": "",
          "IsDeliveryPass": false,
          "HideWasSavedPrice": false
        }
      ],
      "Name": " Woolworths Skim Milk "
    },
    {
      "Products": [
        {
          "Stockcode": 64677,
          "CupPrice": 2.5,
          "CupMeasure": "1L",
          "CupString": "$2.50 / 1L",
          "HasCupPrice": true,
          "Price": 4.99,
          "Name": "Dairy Farmers Skim Milk Shape No Fat",
          "UrlFriendlyName": "dairy-farmers-skim-milk-shape-no-fat",
          "Description": " Dairy Farmers Skim Milk<br>Shape No Fat 2l",
          "SmallImageFile": "/Content/wowProductImages/small/064677.jpg",
          "MediumImageFile": "/Content/wowProductImages/medium/064677.jpg",
          "LargeImageFile": "/Content/wowProductImages/medium/064677.jpg",
          "IsOnSpecial": false,
          "IsEdrSpecial": false,
          "SavingsAmount": 0.00,
          "WasPrice": 4.99,
          "QuantityInTrolley": 0,
          "Unit": "Each",
          "MinimumQuantity": 1,
          "IsInTrolley": false,
          "Source": "SearchProducts",
          "SupplyLimit": 36,
          "PackageSize": "2l",
          "IsPmDelivery": false,
          "IsForCollection": true,
          "IsForDelivery": true,
          "ImageTag": {
            "TagContent": null,
            "TagLink": null,
            "FallbackText": "",
            "TagType": "None"
          },
          "CentreTag": {
            "TagContent": null,
            "TagLink": null,
            "FallbackText": null,
            "TagType": "None"
          },
          "FooterTag": {
            "TagContent": null,
            "TagLink": null,
            "FallbackText": null,
            "TagType": "None"
          },
          "IsCentreTag": false,
          "IsFooterEnabled": false,
          "UnitWeightInGrams": 2112,
          "SupplyLimitMessage": "'Dairy Farmers Skim Milk Shape No Fat' has a supply limit of 36. The quantity in your trolley has been reduced accordingly. To purchase a larger quantity, please contact us on 1800 000 610, or e-mail us at shoponline@woolworths.com.au. Please note - we do not supply trade orders.",
          "SmallFormatDescription": "Dairy Farmers Skim Milk Shape No Fat",
          "IsAvailable": true,
          "AgeRestricted": false,
          "DisplayQuantity": 1,
          "RichDescription": "",
          "IsDeliveryPass": false,
          "HideWasSavedPrice": false
        }
      ],
      "Name": " Dairy Farmers Skim Milk Shape<br>No Fat "
    },
    {
      "Products": [
        {
          "Stockcode": 145537,
          "CupPrice": 2.95,
          "CupMeasure": "1L",
          "CupString": "$2.95 / 1L",
          "HasCupPrice": true,
          "Price": 2.95,
          "Name": "Dairy Farmers Shape No Fat High In Calcium Milk",
          "UrlFriendlyName": "dairy-farmers-shape-no-fat-high-in-calcium-milk",
          "Description": " Dairy Farmers Shape No Fat<br>High In Calcium Milk 1l",
          "SmallImageFile": "/Content/wowProductImages/small/145537.jpg",
          "MediumImageFile": "/Content/wowProductImages/medium/145537.jpg",
          "LargeImageFile": "/Content/wowProductImages/medium/145537.jpg",
          "IsOnSpecial": false,
          "IsEdrSpecial": false,
          "SavingsAmount": 0.00,
          "WasPrice": 2.95,
          "QuantityInTrolley": 0,
          "Unit": "Each",
          "MinimumQuantity": 1,
          "IsInTrolley": false,
          "Source": "SearchProducts",
          "SupplyLimit": 36,
          "PackageSize": "1l",
          "IsPmDelivery": false,
          "IsForCollection": true,
          "IsForDelivery": true,
          "ImageTag": {
            "TagContent": null,
            "TagLink": null,
            "FallbackText": "",
            "TagType": "None"
          },
          "CentreTag": {
            "TagContent": null,
            "TagLink": null,
            "FallbackText": null,
            "TagType": "None"
          },
          "FooterTag": {
            "TagContent": null,
            "TagLink": null,
            "FallbackText": null,
            "TagType": "None"
          },
          "IsCentreTag": false,
          "IsFooterEnabled": false,
          "UnitWeightInGrams": 1090,
          "SupplyLimitMessage": "'Dairy Farmers Shape No Fat High In Calcium Milk' has a supply limit of 36. The quantity in your trolley has been reduced accordingly. To purchase a larger quantity, please contact us on 1800 000 610, or e-mail us at shoponline@woolworths.com.au. Please note - we do not supply trade orders.",
          "SmallFormatDescription": "Dairy Farmers Shape No Fat High In Calcium Milk",
          "IsAvailable": true,
          "AgeRestricted": false,
          "DisplayQuantity": 1,
          "RichDescription": "",
          "IsDeliveryPass": false,
          "HideWasSavedPrice": false
        }
      ],
      "Name": " Dairy Farmers Shape No Fat<br>High In Calcium Milk "
    },
    {
      "Products": [
        {
          "Stockcode": 750032,
          "CupPrice": 0.9,
          "CupMeasure": "100G",
          "CupString": "$0.90 / 100G",
          "HasCupPrice": true,
          "Price": 8.99,
          "Name": "Devondale Skim Milk Powder",
          "UrlFriendlyName": "devondale-skim-milk-powder",
          "Description": " Devondale Skim Milk Powder 1kg",
          "SmallImageFile": "/Content/wowProductImages/small/750032.jpg",
          "MediumImageFile": "/Content/wowProductImages/medium/750032.jpg",
          "LargeImageFile": "/Content/wowProductImages/medium/750032.jpg",
          "IsOnSpecial": false,
          "IsEdrSpecial": false,
          "SavingsAmount": 0.00,
          "WasPrice": 8.99,
          "QuantityInTrolley": 0,
          "Unit": "Each",
          "MinimumQuantity": 1,
          "IsInTrolley": false,
          "Source": "SearchProducts",
          "SupplyLimit": 36,
          "PackageSize": "1kg",
          "IsPmDelivery": false,
          "IsForCollection": true,
          "IsForDelivery": true,
          "ImageTag": {
            "TagContent": "/Content/PromotionTags/final-aus-made.png",
            "TagLink": "/Shop/ProductGroup/35385",
            "FallbackText": "AUSTRALIAN MADE",
            "TagType": "None"
          },
          "CentreTag": {
            "TagContent": null,
            "TagLink": null,
            "FallbackText": null,
            "TagType": "None"
          },
          "FooterTag": {
            "TagContent": null,
            "TagLink": null,
            "FallbackText": null,
            "TagType": "None"
          },
          "IsCentreTag": false,
          "IsFooterEnabled": false,
          "UnitWeightInGrams": 1020,
          "SupplyLimitMessage": "'Devondale Skim Milk Powder' has a supply limit of 36. The quantity in your trolley has been reduced accordingly. To purchase a larger quantity, please contact us on 1800 000 610, or e-mail us at shoponline@woolworths.com.au. Please note - we do not supply trade orders.",
          "SmallFormatDescription": "Devondale Skim Milk Powder",
          "IsAvailable": true,
          "AgeRestricted": false,
          "DisplayQuantity": 1,
          "RichDescription": "",
          "IsDeliveryPass": false,
          "HideWasSavedPrice": false
        }
      ],
      "Name": " Devondale Skim Milk Powder "
    },
    {
      "Products": [
        {
          "Stockcode": 738684,
          "CupPrice": 6.5,
          "CupMeasure": "1L",
          "CupString": "$6.50 / 1L",
          "HasCupPrice": true,
          "Price": 3.25,
          "Name": "Dare Raw Milk",
          "UrlFriendlyName": "dare-raw-milk",
          "Description": " Dare Raw Milk 500ml",
          "SmallImageFile": "/Content/wowProductImages/small/738684.jpg",
          "MediumImageFile": "/Content/wowProductImages/medium/738684.jpg",
          "LargeImageFile": "/Content/wowProductImages/medium/738684.jpg",
          "IsOnSpecial": false,
          "IsEdrSpecial": false,
          "SavingsAmount": 0.00,
          "WasPrice": 3.25,
          "QuantityInTrolley": 0,
          "Unit": "Each",
          "MinimumQuantity": 1,
          "IsInTrolley": false,
          "Source": "SearchProducts",
          "SupplyLimit": 36,
          "PackageSize": "500ml",
          "IsPmDelivery": false,
          "IsForCollection": true,
          "IsForDelivery": true,
          "ImageTag": {
            "TagContent": null,
            "TagLink": null,
            "FallbackText": "",
            "TagType": "None"
          },
          "CentreTag": {
            "TagContent": null,
            "TagLink": null,
            "FallbackText": null,
            "TagType": "None"
          },
          "FooterTag": {
            "TagContent": null,
            "TagLink": null,
            "FallbackText": null,
            "TagType": "None"
          },
          "IsCentreTag": false,
          "IsFooterEnabled": false,
          "UnitWeightInGrams": 500,
          "SupplyLimitMessage": "'Dare Raw Milk' has a supply limit of 36. The quantity in your trolley has been reduced accordingly. To purchase a larger quantity, please contact us on 1800 000 610, or e-mail us at shoponline@woolworths.com.au. Please note - we do not supply trade orders.",
          "SmallFormatDescription": "Dare Raw Milk",
          "IsAvailable": true,
          "AgeRestricted": false,
          "DisplayQuantity": 1,
          "RichDescription": "",
          "IsDeliveryPass": false,
          "HideWasSavedPrice": false
        }
      ],
      "Name": " Dare Raw Milk "
    },
    {
      "Products": [
        {
          "Stockcode": 789358,
          "CupPrice": 0.7,
          "CupMeasure": "100G",
          "CupString": "$0.70 / 100G",
          "HasCupPrice": true,
          "Price": 6.99,
          "Name": "Woolworths Select Skim Milk Powder",
          "UrlFriendlyName": "woolworths-select-skim-milk-powder",
          "Description": " Woolworths Select Skim Milk<br>Powder 1kg",
          "SmallImageFile": "/Content/wowProductImages/small/789358.jpg",
          "MediumImageFile": "/Content/wowProductImages/medium/789358.jpg",
          "LargeImageFile": "/Content/wowProductImages/medium/789358.jpg",
          "IsOnSpecial": false,
          "IsEdrSpecial": false,
          "SavingsAmount": 0.00,
          "WasPrice": 6.99,
          "QuantityInTrolley": 0,
          "Unit": "Each",
          "MinimumQuantity": 1,
          "IsInTrolley": false,
          "Source": "SearchProducts",
          "SupplyLimit": 36,
          "PackageSize": "1kg",
          "IsPmDelivery": false,
          "IsForCollection": true,
          "IsForDelivery": true,
          "ImageTag": {
            "TagContent": null,
            "TagLink": null,
            "FallbackText": "",
            "TagType": "None"
          },
          "CentreTag": {
            "TagContent": null,
            "TagLink": null,
            "FallbackText": null,
            "TagType": "None"
          },
          "FooterTag": {
            "TagContent": null,
            "TagLink": null,
            "FallbackText": null,
            "TagType": "None"
          },
          "IsCentreTag": false,
          "IsFooterEnabled": false,
          "UnitWeightInGrams": 1024,
          "SupplyLimitMessage": "'Woolworths Select Skim Milk Powder' has a supply limit of 36. The quantity in your trolley has been reduced accordingly. To purchase a larger quantity, please contact us on 1800 000 610, or e-mail us at shoponline@woolworths.com.au. Please note - we do not supply trade orders.",
          "SmallFormatDescription": "Woolworths Select Skim Milk Powder",
          "IsAvailable": true,
          "AgeRestricted": false,
          "DisplayQuantity": 1,
          "RichDescription": "",
          "IsDeliveryPass": false,
          "HideWasSavedPrice": false
        }
      ],
      "Name": " Woolworths Select Skim Milk<br>Powder "
    },
    {
      "Products": [
        {
          "Stockcode": 748597,
          "CupPrice": 0.9,
          "CupMeasure": "1L",
          "CupString": "$0.90 / 1L",
          "HasCupPrice": true,
          "Price": 0.9,
          "Name": "Woolworths Select Uht Skim Milk",
          "UrlFriendlyName": "woolworths-select-uht-skim-milk",
          "Description": " Woolworths Select Uht Skim<br>Milk 1l",
          "SmallImageFile": "/Content/wowProductImages/small/748597.JPG",
          "MediumImageFile": "/Content/wowProductImages/medium/748597.JPG",
          "LargeImageFile": "/Content/wowProductImages/medium/748597.JPG",
          "IsOnSpecial": false,
          "IsEdrSpecial": false,
          "SavingsAmount": 0.0,
          "WasPrice": 0.9,
          "QuantityInTrolley": 0,
          "Unit": "Each",
          "MinimumQuantity": 1,
          "IsInTrolley": false,
          "Source": "SearchProducts",
          "SupplyLimit": 36,
          "PackageSize": "1l",
          "IsPmDelivery": false,
          "IsForCollection": true,
          "IsForDelivery": true,
          "ImageTag": {
            "TagContent": null,
            "TagLink": null,
            "FallbackText": "",
            "TagType": "None"
          },
          "CentreTag": {
            "TagContent": null,
            "TagLink": null,
            "FallbackText": null,
            "TagType": "None"
          },
          "FooterTag": {
            "TagContent": "<div class=\"productTag-lowerpricealways\" style=\"\r\nheight:46px;\r\nposition:absolute;\r\ntop:-2px;\r\nleft:0;\r\nwidth:100%;\r\nbackground:#c20016;\r\ntext-align:center;\r\n\">\r\n<img src=\"/Content/Content/LPA_footer_img2.png\" width=\"166px\" height=\"13px\" alt=\"Lower Price Always\" style=\"display:inline-block; margin-top:15px;\">\r\n</div>\r\n<style>\r\n.cardViewCompact wow-shelf-product:not(.override-global-size) .card:not(.is-smallFormat).shelfProductStamp .productTag-lowerpricealways img{\r\n                max-width: 90%;\r\n}\r\n</style>",
            "TagLink": null,
            "FallbackText": null,
            "TagType": "Html"
          },
          "IsCentreTag": false,
          "IsFooterEnabled": true,
          "UnitWeightInGrams": 1078,
          "SupplyLimitMessage": "'Woolworths Select Uht Skim Milk' has a supply limit of 36. The quantity in your trolley has been reduced accordingly. To purchase a larger quantity, please contact us on 1800 000 610, or e-mail us at shoponline@woolworths.com.au. Please note - we do not supply trade orders.",
          "SmallFormatDescription": "Woolworths Select Uht Skim Milk",
          "IsAvailable": true,
          "AgeRestricted": false,
          "DisplayQuantity": 1,
          "RichDescription": "",
          "IsDeliveryPass": false,
          "HideWasSavedPrice": false
        }
      ],
      "Name": " Woolworths Select Uht Skim<br>Milk "
    },
    {
      "Products": [
        {
          "Stockcode": 799749,
          "CupPrice": 5.98,
          "CupMeasure": "1L",
          "CupString": "$5.98 / 1L",
          "HasCupPrice": true,
          "Price": 2.99,
          "Name": "Dairy Farmers Classic Chocolate Milk",
          "UrlFriendlyName": "dairy-farmers-classic-chocolate-milk",
          "Description": " Dairy Farmers Classic<br>Chocolate Milk 500ml",
          "SmallImageFile": "/Content/wowProductImages/small/799749.jpg",
          "MediumImageFile": "/Content/wowProductImages/medium/799749.jpg",
          "LargeImageFile": "/Content/wowProductImages/medium/799749.jpg",
          "IsOnSpecial": false,
          "IsEdrSpecial": false,
          "SavingsAmount": 0.00,
          "WasPrice": 2.99,
          "QuantityInTrolley": 0,
          "Unit": "Each",
          "MinimumQuantity": 1,
          "IsInTrolley": false,
          "Source": "SearchProducts",
          "SupplyLimit": 36,
          "PackageSize": "500ml",
          "IsPmDelivery": false,
          "IsForCollection": true,
          "IsForDelivery": true,
          "ImageTag": {
            "TagContent": null,
            "TagLink": null,
            "FallbackText": "",
            "TagType": "None"
          },
          "CentreTag": {
            "TagContent": null,
            "TagLink": null,
            "FallbackText": null,
            "TagType": "None"
          },
          "FooterTag": {
            "TagContent": null,
            "TagLink": null,
            "FallbackText": null,
            "TagType": "None"
          },
          "IsCentreTag": false,
          "IsFooterEnabled": false,
          "UnitWeightInGrams": 566,
          "SupplyLimitMessage": "'Dairy Farmers Classic Chocolate Milk' has a supply limit of 36. The quantity in your trolley has been reduced accordingly. To purchase a larger quantity, please contact us on 1800 000 610, or e-mail us at shoponline@woolworths.com.au. Please note - we do not supply trade orders.",
          "SmallFormatDescription": "Dairy Farmers Classic Chocolate Milk",
          "IsAvailable": true,
          "AgeRestricted": false,
          "DisplayQuantity": 1,
          "RichDescription": "",
          "IsDeliveryPass": false,
          "HideWasSavedPrice": false
        }
      ],
      "Name": " Dairy Farmers Classic<br>Chocolate Milk "
    },
    {
      "Products": [
        {
          "Stockcode": 190520,
          "CupPrice": 6.67,
          "CupMeasure": "1L",
          "CupString": "$6.67 / 1L",
          "HasCupPrice": true,
          "Price": 2,
          "Name": "Moove Chocolate Milk",
          "UrlFriendlyName": "moove-chocolate-milk",
          "Description": " Moove Chocolate Milk 300ml",
          "SmallImageFile": "/Content/wowProductImages/small/190520.jpg",
          "MediumImageFile": "/Content/wowProductImages/medium/190520.jpg",
          "LargeImageFile": "/Content/wowProductImages/medium/190520.jpg",
          "IsOnSpecial": false,
          "IsEdrSpecial": false,
          "SavingsAmount": 0,
          "WasPrice": 2,
          "QuantityInTrolley": 0,
          "Unit": "Each",
          "MinimumQuantity": 1,
          "IsInTrolley": false,
          "Source": "SearchProducts",
          "SupplyLimit": 36,
          "PackageSize": "300ml",
          "IsPmDelivery": false,
          "IsForCollection": true,
          "IsForDelivery": true,
          "ImageTag": {
            "TagContent": null,
            "TagLink": null,
            "FallbackText": "",
            "TagType": "None"
          },
          "CentreTag": {
            "TagContent": null,
            "TagLink": null,
            "FallbackText": null,
            "TagType": "None"
          },
          "FooterTag": {
            "TagContent": null,
            "TagLink": null,
            "FallbackText": null,
            "TagType": "None"
          },
          "IsCentreTag": false,
          "IsFooterEnabled": false,
          "UnitWeightInGrams": 300,
          "SupplyLimitMessage": "'Moove Chocolate Milk' has a supply limit of 36. The quantity in your trolley has been reduced accordingly. To purchase a larger quantity, please contact us on 1800 000 610, or e-mail us at shoponline@woolworths.com.au. Please note - we do not supply trade orders.",
          "SmallFormatDescription": "Moove Chocolate Milk",
          "IsAvailable": true,
          "AgeRestricted": false,
          "DisplayQuantity": 1,
          "RichDescription": "",
          "IsDeliveryPass": false,
          "HideWasSavedPrice": false
        },
        {
          "Stockcode": 191237,
          "CupPrice": 2,
          "CupMeasure": "1L",
          "CupString": "$2.00 / 1L",
          "HasCupPrice": true,
          "Price": 4,
          "Name": "Moove Chocolate Milk",
          "UrlFriendlyName": "moove-chocolate-milk",
          "Description": " Moove Chocolate Milk 2l",
          "SmallImageFile": "/Content/wowProductImages/small/191237.jpg",
          "MediumImageFile": "/Content/wowProductImages/medium/191237.jpg",
          "LargeImageFile": "/Content/wowProductImages/medium/191237.jpg",
          "IsOnSpecial": false,
          "IsEdrSpecial": false,
          "SavingsAmount": 0,
          "WasPrice": 4,
          "QuantityInTrolley": 0,
          "Unit": "Each",
          "MinimumQuantity": 1,
          "IsInTrolley": false,
          "Source": "SearchProducts",
          "SupplyLimit": 36,
          "PackageSize": "2l",
          "IsPmDelivery": false,
          "IsForCollection": true,
          "IsForDelivery": true,
          "ImageTag": {
            "TagContent": null,
            "TagLink": null,
            "FallbackText": "",
            "TagType": "None"
          },
          "CentreTag": {
            "TagContent": "<span style=\"COLOR: #e2001a\"> Was $5.10 22/03/2016</span>",
            "TagLink": null,
            "FallbackText": null,
            "TagType": "Html"
          },
          "FooterTag": {
            "TagContent": "<div class=\"productTag-pricedropped\" style=\"\r\nheight:46px;\r\nposition:absolute;\r\ntop:-4px;\r\nleft:0;\r\nwidth:100%;\r\nbackground:white;\r\noutline: 1px solid #c20016;\r\ntext-align:center;\">\r\n\r\n<img src=\"/Content/Content/pricedropped-footer-transparent.png\" width=\"204px\" height=\"16px\" alt=\"Price Dropped\" style=\"display:inline-block;margin-top:15px;max-width: 100%;\">\r\n</div>",
            "TagLink": null,
            "FallbackText": null,
            "TagType": "Html"
          },
          "IsCentreTag": true,
          "IsFooterEnabled": true,
          "UnitWeightInGrams": 2000,
          "SupplyLimitMessage": "'Moove Chocolate Milk' has a supply limit of 36. The quantity in your trolley has been reduced accordingly. To purchase a larger quantity, please contact us on 1800 000 610, or e-mail us at shoponline@woolworths.com.au. Please note - we do not supply trade orders.",
          "SmallFormatDescription": "Moove Chocolate Milk",
          "IsAvailable": true,
          "AgeRestricted": false,
          "DisplayQuantity": 1,
          "RichDescription": "",
          "IsDeliveryPass": false,
          "HideWasSavedPrice": false
        }
      ],
      "Name": " Masters Flavoured Milk<br>Chocolate "
    },
    {
      "Products": [
        {
          "Stockcode": 324360,
          "CupPrice": 1.9,
          "CupMeasure": "1L",
          "CupString": "$1.90 / 1L",
          "HasCupPrice": true,
          "Price": 3.8,
          "Name": "Woolworths Strawberry Flavoured Milk",
          "UrlFriendlyName": "woolworths-strawberry-flavoured-milk",
          "Description": " Woolworths Strawberry<br>Flavoured Milk 2l",
          "SmallImageFile": "/Content/wowProductImages/small/324360.jpg",
          "MediumImageFile": "/Content/wowProductImages/medium/324360.jpg",
          "LargeImageFile": "/Content/wowProductImages/medium/324360.jpg",
          "IsOnSpecial": false,
          "IsEdrSpecial": false,
          "SavingsAmount": 0.0,
          "WasPrice": 3.8,
          "QuantityInTrolley": 0,
          "Unit": "Each",
          "MinimumQuantity": 1,
          "IsInTrolley": false,
          "Source": "SearchProducts",
          "SupplyLimit": 36,
          "PackageSize": "2l",
          "IsPmDelivery": false,
          "IsForCollection": true,
          "IsForDelivery": true,
          "ImageTag": {
            "TagContent": null,
            "TagLink": null,
            "FallbackText": "",
            "TagType": "None"
          },
          "CentreTag": {
            "TagContent": null,
            "TagLink": null,
            "FallbackText": null,
            "TagType": "None"
          },
          "FooterTag": {
            "TagContent": null,
            "TagLink": null,
            "FallbackText": null,
            "TagType": "None"
          },
          "IsCentreTag": false,
          "IsFooterEnabled": false,
          "UnitWeightInGrams": 2000,
          "SupplyLimitMessage": "'Woolworths Strawberry Flavoured Milk' has a supply limit of 36. The quantity in your trolley has been reduced accordingly. To purchase a larger quantity, please contact us on 1800 000 610, or e-mail us at shoponline@woolworths.com.au. Please note - we do not supply trade orders.",
          "SmallFormatDescription": "Woolworths Strawberry Flavoured Milk",
          "IsAvailable": true,
          "AgeRestricted": false,
          "DisplayQuantity": 1,
          "RichDescription": "",
          "IsDeliveryPass": false,
          "HideWasSavedPrice": false
        }
      ],
      "Name": " Woolworths Strawberry<br>Flavoured Milk "
    }
  ],
  "Corrections": null,
  "SearchResultsCount": 410,
  "VisualShoppingAisleResponse": [
    {
      "Name": "Bakery",
      "UrlFriendlyName": "bakery",
      "Color": "#ffffff",
      "TextColor": "#373737",
      "NumberColor": "#929292",
      "IconFile": "/Content/wowAisleImages/bakery.svg",
      "ChildCategories": [
        {
          "Name": "baked snacks & sweets",
          "UrlFriendlyName": "baked-snacks-sweets",
          "ImageFile": "baked-snacks-sweets.jpg",
          "ProductCount": 1,
          "IsRestricted": false,
          "IsEligibleForRanking": false
        }
      ],
      "HasLandingPage": false
    },
    {
      "Name": "Eggs, Dairy & Fridge",
      "UrlFriendlyName": "eggs-dairy-fridge",
      "Color": "#ffffff",
      "TextColor": "#373737",
      "NumberColor": "#929292",
      "IconFile": "/Content/wowAisleImages/eggs-dairy-fridge.svg",
      "ChildCategories": [
        {
          "Name": "full cream milk",
          "UrlFriendlyName": "full-cream-milk",
          "ImageFile": "full-cream-milk.jpg",
          "ProductCount": 17,
          "IsRestricted": false,
          "IsEligibleForRanking": false
        },
        {
          "Name": "skim & reduced fat milk",
          "UrlFriendlyName": "skim-reduced-fat-milk",
          "ImageFile": "skim-reduced-fat-milk.jpg",
          "ProductCount": 19,
          "IsRestricted": false,
          "IsEligibleForRanking": false
        },
        {
          "Name": "soy & specialty milk",
          "UrlFriendlyName": "soy-specialty-milk",
          "ImageFile": "soy-specialty-milk.jpg",
          "ProductCount": 21,
          "IsRestricted": false,
          "IsEligibleForRanking": false
        },
        {
          "Name": "flavoured milk",
          "UrlFriendlyName": "flavoured-milk",
          "ImageFile": "flavoured-milk.jpg",
          "ProductCount": 45,
          "IsRestricted": false,
          "IsEligibleForRanking": false
        },
        {
          "Name": "greek & natural yoghurt",
          "UrlFriendlyName": "greek-natural-yoghurt",
          "ImageFile": "greek-natural-yoghurt.jpg",
          "ProductCount": 3,
          "IsRestricted": false,
          "IsEligibleForRanking": false
        }
      ],
      "HasLandingPage": false
    },
    {
      "Name": "Pantry, International & Health \nFood",
      "UrlFriendlyName": "pantry-international-health-food",
      "Color": "#ffffff",
      "TextColor": "#373737",
      "NumberColor": "#929292",
      "IconFile": "/Content/wowAisleImages/pantry-international-health-food.svg",
      "ChildCategories": [
        {
          "Name": "asian food",
          "UrlFriendlyName": "asian-food",
          "ImageFile": "asian-food.jpg",
          "ProductCount": 13,
          "IsRestricted": false,
          "IsEligibleForRanking": false
        },
        {
          "Name": "health fruit, nuts, grains & seeds",
          "UrlFriendlyName": "health-fruit-nuts-grains-seeds",
          "ImageFile": "health-fruit-nuts-grains-seeds.jpg",
          "ProductCount": 1,
          "IsRestricted": false,
          "IsEligibleForRanking": false
        },
        {
          "Name": "health snacks & drinks",
          "UrlFriendlyName": "health-snacks-drinks",
          "ImageFile": "health-snacks-drinks.jpg",
          "ProductCount": 3,
          "IsRestricted": false,
          "IsEligibleForRanking": false
        }
      ],
      "HasLandingPage": false
    },
    {
      "Name": "Spreads, Breakfast, Baking \n& Desserts",
      "UrlFriendlyName": "spreads-breakfast-baking-desserts",
      "Color": "#ffffff",
      "TextColor": "#373737",
      "NumberColor": "#929292",
      "IconFile": "/Content/wowAisleImages/spreads-breakfast-baking-desserts.svg",
      "ChildCategories": [
        {
          "Name": "breakfast snacks & drinks",
          "UrlFriendlyName": "breakfast-snacks-drinks",
          "ImageFile": "breakfast-snacks-drinks.jpg",
          "ProductCount": 1,
          "IsRestricted": false,
          "IsEligibleForRanking": false
        },
        {
          "Name": "baking ingredients",
          "UrlFriendlyName": "baking-ingredients",
          "ImageFile": "baking-ingredients.jpg",
          "ProductCount": 8,
          "IsRestricted": false,
          "IsEligibleForRanking": false
        },
        {
          "Name": "cake mix",
          "UrlFriendlyName": "cake-mix",
          "ImageFile": "cake-mix.jpg",
          "ProductCount": 2,
          "IsRestricted": false,
          "IsEligibleForRanking": false
        },
        {
          "Name": "icing, frosting & cooking chocolate",
          "UrlFriendlyName": "icing-frosting-cooking-chocolate",
          "ImageFile": "icing-frosting-cooking-chocolate.jpg",
          "ProductCount": 12,
          "IsRestricted": false,
          "IsEligibleForRanking": false
        },
        {
          "Name": "syrup, topping & ice cream mix",
          "UrlFriendlyName": "syrup-topping-ice-cream-mix",
          "ImageFile": "syrup-topping-ice-cream-mix.jpg",
          "ProductCount": 1,
          "IsRestricted": false,
          "IsEligibleForRanking": false
        }
      ],
      "HasLandingPage": false
    },
    {
      "Name": "Confectionery, Snacks & Drinks",
      "UrlFriendlyName": "confectionery-snacks-drinks",
      "Color": "#ffffff",
      "TextColor": "#373737",
      "NumberColor": "#929292",
      "IconFile": "/Content/wowAisleImages/confectionery-snacks-drinks.svg",
      "ChildCategories": [
        {
          "Name": "chocolate bars",
          "UrlFriendlyName": "chocolate-bars",
          "ImageFile": "chocolate-bars.jpg",
          "ProductCount": 21,
          "IsRestricted": false,
          "IsEligibleForRanking": false
        },
        {
          "Name": "chocolate blocks",
          "UrlFriendlyName": "chocolate-blocks",
          "ImageFile": "chocolate-blocks.jpg",
          "ProductCount": 46,
          "IsRestricted": false,
          "IsEligibleForRanking": false
        },
        {
          "Name": "chocolate share packs",
          "UrlFriendlyName": "chocolate-share-packs",
          "ImageFile": "chocolate-share-packs.jpg",
          "ProductCount": 16,
          "IsRestricted": false,
          "IsEligibleForRanking": false
        },
        {
          "Name": "chocolate boxes & gifts",
          "UrlFriendlyName": "chocolate-boxes-gifts",
          "ImageFile": "chocolate-boxes-gifts.jpg",
          "ProductCount": 7,
          "IsRestricted": false,
          "IsEligibleForRanking": false
        },
        {
          "Name": "sweets, lollies & licorice",
          "UrlFriendlyName": "sweets-lollies-licorice",
          "ImageFile": "sweets-lollies-licorice.jpg",
          "ProductCount": 4,
          "IsRestricted": false,
          "IsEligibleForRanking": false
        },
        {
          "Name": "plain & sweet biscuits",
          "UrlFriendlyName": "plain-sweet-biscuits",
          "ImageFile": "plain-sweet-biscuits.jpg",
          "ProductCount": 13,
          "IsRestricted": false,
          "IsEligibleForRanking": false
        },
        {
          "Name": "muesli bars",
          "UrlFriendlyName": "muesli-bars",
          "ImageFile": "muesli-bars.jpg",
          "ProductCount": 2,
          "IsRestricted": false,
          "IsEligibleForRanking": false
        },
        {
          "Name": "long life milk",
          "UrlFriendlyName": "long-life-milk",
          "ImageFile": "long-life-milk.jpg",
          "ProductCount": 79,
          "IsRestricted": false,
          "IsEligibleForRanking": false
        },
        {
          "Name": "milk flavouring",
          "UrlFriendlyName": "milk-flavouring",
          "ImageFile": "milk-flavouring.jpg",
          "ProductCount": 40,
          "IsRestricted": false,
          "IsEligibleForRanking": false
        },
        {
          "Name": "instant & flavoured coffee",
          "UrlFriendlyName": "instant-flavoured-coffee",
          "ImageFile": "instant-flavoured-coffee.jpg",
          "ProductCount": 1,
          "IsRestricted": false,
          "IsEligibleForRanking": false
        },
        {
          "Name": "juice",
          "UrlFriendlyName": "juice",
          "ImageFile": "juice.jpg",
          "ProductCount": 1,
          "IsRestricted": false,
          "IsEligibleForRanking": false
        }
      ],
      "HasLandingPage": false
    },
    {
      "Name": "Freezer",
      "UrlFriendlyName": "freezer",
      "Color": "#ffffff",
      "TextColor": "#373737",
      "NumberColor": "#929292",
      "IconFile": "/Content/wowAisleImages/freezer.svg",
      "ChildCategories": [
        {
          "Name": "multi pack & single serve ice cream",
          "UrlFriendlyName": "multi-pack-single-serve-ice-cream",
          "ImageFile": "multi-pack-single-serve-ice-cream.jpg",
          "ProductCount": 5,
          "IsRestricted": false,
          "IsEligibleForRanking": false
        },
        {
          "Name": "ice cream tubs",
          "UrlFriendlyName": "ice-cream-tubs",
          "ImageFile": "ice-cream-tubs.jpg",
          "ProductCount": 5,
          "IsRestricted": false,
          "IsEligibleForRanking": false
        }
      ],
      "HasLandingPage": false
    },
    {
      "Name": "Toiletries, Beauty, Health \n& Wellbeing",
      "UrlFriendlyName": "toiletries-beauty-health-wellbeing",
      "Color": "#ffffff",
      "TextColor": "#373737",
      "NumberColor": "#929292",
      "IconFile": "/Content/wowAisleImages/toiletries-beauty-health-wellbeing.svg",
      "ChildCategories": [
        {
          "Name": "body wash & bath",
          "UrlFriendlyName": "body-wash-bath",
          "ImageFile": "body-wash-bath.jpg",
          "ProductCount": 3,
          "IsRestricted": false,
          "IsEligibleForRanking": false
        },
        {
          "Name": "bar soap",
          "UrlFriendlyName": "bar-soap",
          "ImageFile": "bar-soap.jpg",
          "ProductCount": 4,
          "IsRestricted": false,
          "IsEligibleForRanking": false
        },
        {
          "Name": "handwash & hand sanitiser",
          "UrlFriendlyName": "handwash-hand-sanitiser",
          "ImageFile": "handwash-hand-sanitiser.jpg",
          "ProductCount": 1,
          "IsRestricted": false,
          "IsEligibleForRanking": false
        },
        {
          "Name": "toothpaste & whitening",
          "UrlFriendlyName": "toothpaste-whitening",
          "ImageFile": "toothpaste-whitening.jpg",
          "ProductCount": 1,
          "IsRestricted": false,
          "IsEligibleForRanking": false
        },
        {
          "Name": "premium shampoo & conditioner",
          "UrlFriendlyName": "premium-shampoo-conditioner",
          "ImageFile": "premium-shampoo-conditioner.jpg",
          "ProductCount": 4,
          "IsRestricted": false,
          "IsEligibleForRanking": false
        },
        {
          "Name": "hair treatment",
          "UrlFriendlyName": "hair-treatment",
          "ImageFile": "hair-treatment.jpg",
          "ProductCount": 1,
          "IsRestricted": false,
          "IsEligibleForRanking": false
        },
        {
          "Name": "face cream & care",
          "UrlFriendlyName": "face-cream-care",
          "ImageFile": "face-cream-care.jpg",
          "ProductCount": 1,
          "IsRestricted": false,
          "IsEligibleForRanking": false
        },
        {
          "Name": "face cleansing & makeup removal",
          "UrlFriendlyName": "face-cleansing-makeup-removal",
          "ImageFile": "face-cleansing-makeup-removal.jpg",
          "ProductCount": 1,
          "IsRestricted": false,
          "IsEligibleForRanking": false
        },
        {
          "Name": "men's body wash",
          "UrlFriendlyName": "men-s-body-wash",
          "ImageFile": "men-s-body-wash.jpg",
          "ProductCount": 1,
          "IsRestricted": false,
          "IsEligibleForRanking": false
        },
        {
          "Name": "men's face & body care",
          "UrlFriendlyName": "men-s-face-body-care",
          "ImageFile": "men-s-face-body-care.jpg",
          "ProductCount": 2,
          "IsRestricted": false,
          "IsEligibleForRanking": false
        },
        {
          "Name": "diet, sport & nutrition",
          "UrlFriendlyName": "diet-sport-nutrition",
          "ImageFile": "diet-sport-nutrition.jpg",
          "ProductCount": 2,
          "IsRestricted": false,
          "IsEligibleForRanking": false
        },
        {
          "Name": "health supplements",
          "UrlFriendlyName": "health-supplements",
          "ImageFile": "health-supplements.jpg",
          "ProductCount": 1,
          "IsRestricted": false,
          "IsEligibleForRanking": false
        }
      ],
      "HasLandingPage": false
    },
    {
      "Name": "Baby",
      "UrlFriendlyName": "baby",
      "Color": "#ffffff",
      "TextColor": "#373737",
      "NumberColor": "#929292",
      "IconFile": "/Content/wowAisleImages/baby.svg",
      "ChildCategories": [
        {
          "Name": "baby snacks & fingerfood",
          "UrlFriendlyName": "baby-snacks-fingerfood",
          "ImageFile": "baby-snacks-fingerfood.jpg",
          "ProductCount": 1,
          "IsRestricted": false,
          "IsEligibleForRanking": false
        },
        {
          "Name": "baby formula",
          "UrlFriendlyName": "baby-formula",
          "ImageFile": "baby-formula.jpg",
          "ProductCount": 4,
          "IsRestricted": false,
          "IsEligibleForRanking": false
        },
        {
          "Name": "baby feeding accessories",
          "UrlFriendlyName": "baby-feeding-accessories",
          "ImageFile": "baby-feeding-accessories.jpg",
          "ProductCount": 1,
          "IsRestricted": false,
          "IsEligibleForRanking": false
        },
        {
          "Name": "baby bath",
          "UrlFriendlyName": "baby-bath",
          "ImageFile": "baby-bath.jpg",
          "ProductCount": 5,
          "IsRestricted": false,
          "IsEligibleForRanking": false
        }
      ],
      "HasLandingPage": false
    },
    {
      "Name": "Pet",
      "UrlFriendlyName": "pet",
      "Color": "#ffffff",
      "TextColor": "#373737",
      "NumberColor": "#929292",
      "IconFile": "/Content/wowAisleImages/pet.svg",
      "ChildCategories": [
        {
          "Name": "pet food treats",
          "UrlFriendlyName": "pet-food-treats",
          "ImageFile": "pet-food-treats.jpg",
          "ProductCount": 3,
          "IsRestricted": false,
          "IsEligibleForRanking": false
        },
        {
          "Name": "puppy food",
          "UrlFriendlyName": "puppy-food",
          "ImageFile": "puppy-food.jpg",
          "ProductCount": 3,
          "IsRestricted": false,
          "IsEligibleForRanking": false
        },
        {
          "Name": "dog food adult & senior",
          "UrlFriendlyName": "dog-food-adult-senior",
          "ImageFile": "dog-food-adult-senior.jpg",
          "ProductCount": 1,
          "IsRestricted": false,
          "IsEligibleForRanking": false
        }
      ],
      "HasLandingPage": false
    },
    {
      "Name": "Entertainment, Home & \nOutdoor",
      "UrlFriendlyName": "entertainment-home-outdoor",
      "Color": "#ffffff",
      "TextColor": "#373737",
      "NumberColor": "#929292",
      "IconFile": "/Content/wowAisleImages/entertainment-home-outdoor.svg",
      "ChildCategories": [
        {
          "Name": "cookware & kitchen",
          "UrlFriendlyName": "cookware-kitchen",
          "ImageFile": "cookware-kitchen.jpg",
          "ProductCount": 3,
          "IsRestricted": false,
          "IsEligibleForRanking": false
        },
        {
          "Name": "kitchen appliances",
          "UrlFriendlyName": "kitchen-appliances",
          "ImageFile": "kitchen-appliances.jpg",
          "ProductCount": 1,
          "IsRestricted": false,
          "IsEligibleForRanking": false
        }
      ],
      "HasLandingPage": false
    }
  ]
}