{
  "Products": [
    {
      "Products": [
        {
          "Stockcode": 425968,
          "CupPrice": 2.21,
          "CupMeasure": "100G",
          "CupString": "$2.21 / 100G",
          "HasCupPrice": true,
          "Price": 3.65,
          "Name": "Arnott's Tim Tam Espresso Martini",
          "UrlFriendlyName": "arnott-s-tim-tam-espresso-martini",
          "Description": " Arnott's Tim Tam Espresso<br>Martini 165g",
          "SmallImageFile": "/Content/wowProductImages/small/425968.jpg",
          "MediumImageFile": "/Content/wowProductImages/medium/425968.jpg",
          "LargeImageFile": "/Content/wowProductImages/large/425968.jpg",
          "IsOnSpecial": false,
          "IsEdrSpecial": false,
          "SavingsAmount": 0.00,
          "WasPrice": 3.65,
          "QuantityInTrolley": 0,
          "Unit": "Each",
          "MinimumQuantity": 1,
          "IsInTrolley": false,
          "Source": "SearchProducts",
          "SupplyLimit": 36,
          "PackageSize": "165g",
          "IsPmDelivery": false,
          "IsForCollection": true,
          "IsForDelivery": true,
          "ImageTag": {
            "TagContent": null,
            "TagLink": null,
            "FallbackText": "",
            "TagType": "None"
          },
          "CentreTag": {
            "TagContent": null,
            "TagLink": null,
            "FallbackText": null,
            "TagType": "None"
          },
          "FooterTag": {
            "TagContent": null,
            "TagLink": null,
            "FallbackText": null,
            "TagType": "None"
          },
          "IsCentreTag": false,
          "IsFooterEnabled": false,
          "UnitWeightInGrams": 173,
          "SupplyLimitMessage": "'Arnott's Tim Tam Espresso Martini' has a supply limit of 36. The quantity in your trolley has been reduced accordingly. To purchase a larger quantity, please contact us on 1800 000 610, or e-mail us at shoponline@woolworths.com.au. Please note - we do not supply trade orders.",
          "SmallFormatDescription": "Arnott's Tim Tam Espresso Martini",
          "IsAvailable": true,
          "AgeRestricted": false,
          "DisplayQuantity": 1,
          "RichDescription": "",
          "IsDeliveryPass": false,
          "HideWasSavedPrice": false
        }
      ],
      "Name": " Arnott's Tim Tam Espresso<br>Martini "
    },
    {
      "Products": [
        {
          "Stockcode": 89972,
          "CupPrice": 1.83,
          "CupMeasure": "100G",
          "CupString": "$1.83 / 100G",
          "HasCupPrice": true,
          "Price": 3.65,
          "Name": "Arnott's Tim Tam Classic Dark",
          "UrlFriendlyName": "arnott-s-tim-tam-classic-dark",
          "Description": " Arnott's Tim Tam Classic<br>Dark 200g",
          "SmallImageFile": "/Content/wowProductImages/small/089972.JPG",
          "MediumImageFile": "/Content/wowProductImages/medium/089972.JPG",
          "LargeImageFile": "/Content/wowProductImages/medium/089972.JPG",
          "IsOnSpecial": false,
          "IsEdrSpecial": false,
          "SavingsAmount": 0.00,
          "WasPrice": 3.65,
          "QuantityInTrolley": 0,
          "Unit": "Each",
          "MinimumQuantity": 1,
          "IsInTrolley": false,
          "Source": "SearchProducts",
          "SupplyLimit": 36,
          "PackageSize": "200g",
          "IsPmDelivery": false,
          "IsForCollection": true,
          "IsForDelivery": true,
          "ImageTag": {
            "TagContent": null,
            "TagLink": null,
            "FallbackText": "",
            "TagType": "None"
          },
          "CentreTag": {
            "TagContent": null,
            "TagLink": null,
            "FallbackText": null,
            "TagType": "None"
          },
          "FooterTag": {
            "TagContent": null,
            "TagLink": null,
            "FallbackText": null,
            "TagType": "None"
          },
          "IsCentreTag": false,
          "IsFooterEnabled": false,
          "UnitWeightInGrams": 212,
          "SupplyLimitMessage": "'Arnott's Tim Tam Classic Dark' has a supply limit of 36. The quantity in your trolley has been reduced accordingly. To purchase a larger quantity, please contact us on 1800 000 610, or e-mail us at shoponline@woolworths.com.au. Please note - we do not supply trade orders.",
          "SmallFormatDescription": "Arnott's Tim Tam Classic Dark",
          "IsAvailable": true,
          "AgeRestricted": false,
          "DisplayQuantity": 1,
          "RichDescription": "",
          "IsDeliveryPass": false,
          "HideWasSavedPrice": false
        }
      ],
      "Name": " Arnott's Tim Tam Classic Dark "
    },
    {
      "Products": [
        {
          "Stockcode": 332047,
          "CupPrice": 2.21,
          "CupMeasure": "100G",
          "CupString": "$2.21 / 100G",
          "HasCupPrice": true,
          "Price": 3.65,
          "Name": "Arnott's Tim Tam White",
          "UrlFriendlyName": "arnott-s-tim-tam-white",
          "Description": " Arnott's Tim Tam White 165g",
          "SmallImageFile": "/Content/wowProductImages/small/332047.jpg",
          "MediumImageFile": "/Content/wowProductImages/medium/332047.jpg",
          "LargeImageFile": "/Content/wowProductImages/medium/332047.jpg",
          "IsOnSpecial": false,
          "IsEdrSpecial": false,
          "SavingsAmount": 0.00,
          "WasPrice": 3.65,
          "QuantityInTrolley": 0,
          "Unit": "Each",
          "MinimumQuantity": 1,
          "IsInTrolley": false,
          "Source": "SearchProducts",
          "SupplyLimit": 36,
          "PackageSize": "165g",
          "IsPmDelivery": false,
          "IsForCollection": true,
          "IsForDelivery": true,
          "ImageTag": {
            "TagContent": null,
            "TagLink": null,
            "FallbackText": "",
            "TagType": "None"
          },
          "CentreTag": {
            "TagContent": null,
            "TagLink": null,
            "FallbackText": null,
            "TagType": "None"
          },
          "FooterTag": {
            "TagContent": null,
            "TagLink": null,
            "FallbackText": null,
            "TagType": "None"
          },
          "IsCentreTag": false,
          "IsFooterEnabled": false,
          "UnitWeightInGrams": 180,
          "SupplyLimitMessage": "'Arnott's Tim Tam White' has a supply limit of 36. The quantity in your trolley has been reduced accordingly. To purchase a larger quantity, please contact us on 1800 000 610, or e-mail us at shoponline@woolworths.com.au. Please note - we do not supply trade orders.",
          "SmallFormatDescription": "Arnott's Tim Tam White",
          "IsAvailable": true,
          "AgeRestricted": false,
          "DisplayQuantity": 1,
          "RichDescription": "",
          "IsDeliveryPass": false,
          "HideWasSavedPrice": false
        }
      ],
      "Name": " Arnott's Tim Tam White "
    },
    {
      "Products": [
        {
          "Stockcode": 782162,
          "CupPrice": 2.41,
          "CupMeasure": "100G",
          "CupString": "$2.41 / 100G",
          "HasCupPrice": true,
          "Price": 7,
          "Name": "Arnott's Tim Tam Chocolicious Variety Box",
          "UrlFriendlyName": "arnott-s-tim-tam-chocolicious-variety-box",
          "Description": " Arnott's Tim Tam<br>Chocolicious... 290g",
          "SmallImageFile": "/Content/wowProductImages/small/782162.JPG",
          "MediumImageFile": "/Content/wowProductImages/medium/782162.JPG",
          "LargeImageFile": "/Content/wowProductImages/medium/782162.JPG",
          "IsOnSpecial": false,
          "IsEdrSpecial": false,
          "SavingsAmount": 0,
          "WasPrice": 7,
          "QuantityInTrolley": 0,
          "Unit": "Each",
          "MinimumQuantity": 1,
          "IsInTrolley": false,
          "Source": "SearchProducts",
          "SupplyLimit": 36,
          "PackageSize": "290g",
          "IsPmDelivery": false,
          "IsForCollection": true,
          "IsForDelivery": true,
          "ImageTag": {
            "TagContent": null,
            "TagLink": null,
            "FallbackText": "",
            "TagType": "None"
          },
          "CentreTag": {
            "TagContent": null,
            "TagLink": null,
            "FallbackText": null,
            "TagType": "None"
          },
          "FooterTag": {
            "TagContent": null,
            "TagLink": null,
            "FallbackText": null,
            "TagType": "None"
          },
          "IsCentreTag": false,
          "IsFooterEnabled": false,
          "UnitWeightInGrams": 290,
          "SupplyLimitMessage": "'Arnott's Tim Tam Chocolicious Variety Box' has a supply limit of 36. The quantity in your trolley has been reduced accordingly. To purchase a larger quantity, please contact us on 1800 000 610, or e-mail us at shoponline@woolworths.com.au. Please note - we do not supply trade orders.",
          "SmallFormatDescription": "Arnott's Tim Tam Chocolicious Variety Box",
          "IsAvailable": true,
          "AgeRestricted": false,
          "DisplayQuantity": 1,
          "RichDescription": "",
          "IsDeliveryPass": false,
          "HideWasSavedPrice": false
        }
      ],
      "Name": " Arnott's Tim Tam Chocolicious<br>Variety Box "
    },
    {
      "Products": [
        {
          "Stockcode": 36066,
          "CupPrice": 1.83,
          "CupMeasure": "100G",
          "CupString": "$1.83 / 100G",
          "HasCupPrice": true,
          "Price": 3.65,
          "Name": "Arnott's Tim Tam Chocolate Original",
          "UrlFriendlyName": "arnott-s-tim-tam-chocolate-original",
          "Description": " Arnott's Tim Tam Chocolate<br>Original 200g",
          "SmallImageFile": "/Content/wowProductImages/small/036066.JPG",
          "MediumImageFile": "/Content/wowProductImages/medium/036066.JPG",
          "LargeImageFile": "/Content/wowProductImages/medium/036066.JPG",
          "IsOnSpecial": false,
          "IsEdrSpecial": false,
          "SavingsAmount": 0.00,
          "WasPrice": 3.65,
          "QuantityInTrolley": 0,
          "Unit": "Each",
          "MinimumQuantity": 1,
          "IsInTrolley": false,
          "Source": "SearchProducts",
          "SupplyLimit": 36,
          "PackageSize": "200g",
          "IsPmDelivery": false,
          "IsForCollection": true,
          "IsForDelivery": true,
          "ImageTag": {
            "TagContent": null,
            "TagLink": null,
            "FallbackText": "",
            "TagType": "None"
          },
          "CentreTag": {
            "TagContent": null,
            "TagLink": null,
            "FallbackText": null,
            "TagType": "None"
          },
          "FooterTag": {
            "TagContent": null,
            "TagLink": null,
            "FallbackText": null,
            "TagType": "None"
          },
          "IsCentreTag": false,
          "IsFooterEnabled": false,
          "UnitWeightInGrams": 214,
          "SupplyLimitMessage": "'Arnott's Tim Tam Chocolate Original' has a supply limit of 36. The quantity in your trolley has been reduced accordingly. To purchase a larger quantity, please contact us on 1800 000 610, or e-mail us at shoponline@woolworths.com.au. Please note - we do not supply trade orders.",
          "SmallFormatDescription": "Arnott's Tim Tam Chocolate Original",
          "IsAvailable": true,
          "AgeRestricted": false,
          "DisplayQuantity": 1,
          "RichDescription": "",
          "IsDeliveryPass": false,
          "HideWasSavedPrice": false
        }
      ],
      "Name": " Arnott's Tim Tam Chocolate<br>Original "
    },
    {
      "Products": [
        {
          "Stockcode": 425971,
          "CupPrice": 2.21,
          "CupMeasure": "100G",
          "CupString": "$2.21 / 100G",
          "HasCupPrice": true,
          "Price": 3.65,
          "Name": "Arnott's Tim Tam Pina Colada",
          "UrlFriendlyName": "arnott-s-tim-tam-pina-colada",
          "Description": " Arnott's Tim Tam Pina Colada 165g",
          "SmallImageFile": "/Content/wowProductImages/small/425971.jpg",
          "MediumImageFile": "/Content/wowProductImages/medium/425971.jpg",
          "LargeImageFile": "/Content/wowProductImages/large/425971.jpg",
          "IsOnSpecial": false,
          "IsEdrSpecial": false,
          "SavingsAmount": 0.00,
          "WasPrice": 3.65,
          "QuantityInTrolley": 0,
          "Unit": "Each",
          "MinimumQuantity": 1,
          "IsInTrolley": false,
          "Source": "SearchProducts",
          "SupplyLimit": 36,
          "PackageSize": "165g",
          "IsPmDelivery": false,
          "IsForCollection": true,
          "IsForDelivery": true,
          "ImageTag": {
            "TagContent": null,
            "TagLink": null,
            "FallbackText": "",
            "TagType": "None"
          },
          "CentreTag": {
            "TagContent": null,
            "TagLink": null,
            "FallbackText": null,
            "TagType": "None"
          },
          "FooterTag": {
            "TagContent": null,
            "TagLink": null,
            "FallbackText": null,
            "TagType": "None"
          },
          "IsCentreTag": false,
          "IsFooterEnabled": false,
          "UnitWeightInGrams": 173,
          "SupplyLimitMessage": "'Arnott's Tim Tam Pina Colada' has a supply limit of 36. The quantity in your trolley has been reduced accordingly. To purchase a larger quantity, please contact us on 1800 000 610, or e-mail us at shoponline@woolworths.com.au. Please note - we do not supply trade orders.",
          "SmallFormatDescription": "Arnott's Tim Tam Pina Colada",
          "IsAvailable": true,
          "AgeRestricted": false,
          "DisplayQuantity": 1,
          "RichDescription": "",
          "IsDeliveryPass": false,
          "HideWasSavedPrice": false
        }
      ],
      "Name": " Arnott's Tim Tam Pina Colada "
    },
    {
      "Products": [
        {
          "Stockcode": 32257,
          "CupPrice": 1.83,
          "CupMeasure": "100G",
          "CupString": "$1.83 / 100G",
          "HasCupPrice": true,
          "Price": 3.65,
          "Name": "Arnott's Tim Tam Choc Double Coated",
          "UrlFriendlyName": "arnott-s-tim-tam-choc-double-coated",
          "Description": " Arnott's Tim Tam Choc Double<br>Coated 200g",
          "SmallImageFile": "/Content/wowProductImages/small/032257.JPG",
          "MediumImageFile": "/Content/wowProductImages/medium/032257.JPG",
          "LargeImageFile": "/Content/wowProductImages/medium/032257.JPG",
          "IsOnSpecial": false,
          "IsEdrSpecial": false,
          "SavingsAmount": 0.00,
          "WasPrice": 3.65,
          "QuantityInTrolley": 0,
          "Unit": "Each",
          "MinimumQuantity": 1,
          "IsInTrolley": false,
          "Source": "SearchProducts",
          "SupplyLimit": 36,
          "PackageSize": "200g",
          "IsPmDelivery": false,
          "IsForCollection": true,
          "IsForDelivery": true,
          "ImageTag": {
            "TagContent": null,
            "TagLink": null,
            "FallbackText": "",
            "TagType": "None"
          },
          "CentreTag": {
            "TagContent": null,
            "TagLink": null,
            "FallbackText": null,
            "TagType": "None"
          },
          "FooterTag": {
            "TagContent": null,
            "TagLink": null,
            "FallbackText": null,
            "TagType": "None"
          },
          "IsCentreTag": false,
          "IsFooterEnabled": false,
          "UnitWeightInGrams": 208,
          "SupplyLimitMessage": "'Arnott's Tim Tam Choc Double Coated' has a supply limit of 36. The quantity in your trolley has been reduced accordingly. To purchase a larger quantity, please contact us on 1800 000 610, or e-mail us at shoponline@woolworths.com.au. Please note - we do not supply trade orders.",
          "SmallFormatDescription": "Arnott's Tim Tam Choc Double Coated",
          "IsAvailable": true,
          "AgeRestricted": false,
          "DisplayQuantity": 1,
          "RichDescription": "",
          "IsDeliveryPass": false,
          "HideWasSavedPrice": false
        }
      ],
      "Name": " Arnott's Tim Tam Choc Double<br>Coated "
    },
    {
      "Products": [
        {
          "Stockcode": 768671,
          "CupPrice": 1.6,
          "CupMeasure": "100G",
          "CupString": "$1.60 / 100G",
          "HasCupPrice": true,
          "Price": 3,
          "Name": "Arnott's Tim Tam Chocolate Chocolicious Bites Original",
          "UrlFriendlyName": "arnott-s-tim-tam-chocolate-chocolicious-bites-original",
          "Description": " Arnott's Tim Tam Chocolate<br>Chocolicious Bites... 187g",
          "SmallImageFile": "/Content/wowProductImages/small/768671.jpg",
          "MediumImageFile": "/Content/wowProductImages/medium/768671.jpg",
          "LargeImageFile": "/Content/wowProductImages/medium/768671.jpg",
          "IsOnSpecial": true,
          "IsEdrSpecial": false,
          "SavingsAmount": 1.39,
          "WasPrice": 4.39,
          "QuantityInTrolley": 0,
          "Unit": "Each",
          "MinimumQuantity": 1,
          "IsInTrolley": false,
          "Source": "SearchProducts",
          "SupplyLimit": 36,
          "PackageSize": "187g",
          "IsPmDelivery": false,
          "IsForCollection": true,
          "IsForDelivery": true,
          "ImageTag": {
            "TagContent": "/Content/PromotionTags/final-special.png",
            "TagLink": "",
            "FallbackText": "On Special",
            "TagType": "None"
          },
          "CentreTag": {
            "TagContent": null,
            "TagLink": null,
            "FallbackText": null,
            "TagType": "None"
          },
          "FooterTag": {
            "TagContent": null,
            "TagLink": null,
            "FallbackText": null,
            "TagType": "None"
          },
          "IsCentreTag": false,
          "IsFooterEnabled": false,
          "UnitWeightInGrams": 202,
          "SupplyLimitMessage": "'Arnott's Tim Tam Chocolate Chocolicious Bites Original' has a supply limit of 36. The quantity in your trolley has been reduced accordingly. To purchase a larger quantity, please contact us on 1800 000 610, or e-mail us at shoponline@woolworths.com.au. Please note - we do not supply trade orders.",
          "SmallFormatDescription": "Arnott's Tim Tam Chocolate Chocolicious Bites Original",
          "IsAvailable": true,
          "AgeRestricted": false,
          "DisplayQuantity": 1,
          "RichDescription": "",
          "IsDeliveryPass": false,
          "HideWasSavedPrice": false
        }
      ],
      "Name": " Arnott's Tim Tam Chocolate<br>Chocolicious Bites... "
    },
    {
      "Products": [
        {
          "Stockcode": 425973,
          "CupPrice": 1.57,
          "CupMeasure": "100G",
          "CupString": "$1.57 / 100G",
          "HasCupPrice": true,
          "Price": 3,
          "Name": "Arnott's Tim Tam Chocolicious Velvet Mudslide",
          "UrlFriendlyName": "arnott-s-tim-tam-chocolicious-velvet-mudslide",
          "Description": " Arnott's Tim Tam<br>Chocolicious Velvet... 191g",
          "SmallImageFile": "/Content/wowProductImages/small/425973.jpg",
          "MediumImageFile": "/Content/wowProductImages/medium/425973.jpg",
          "LargeImageFile": "/Content/wowProductImages/large/425973.jpg",
          "IsOnSpecial": true,
          "IsEdrSpecial": false,
          "SavingsAmount": 1.39,
          "WasPrice": 4.39,
          "QuantityInTrolley": 0,
          "Unit": "Each",
          "MinimumQuantity": 1,
          "IsInTrolley": false,
          "Source": "SearchProducts",
          "SupplyLimit": 36,
          "PackageSize": "191g",
          "IsPmDelivery": false,
          "IsForCollection": true,
          "IsForDelivery": true,
          "ImageTag": {
            "TagContent": "/Content/PromotionTags/final-special.png",
            "TagLink": "",
            "FallbackText": "On Special",
            "TagType": "None"
          },
          "CentreTag": {
            "TagContent": null,
            "TagLink": null,
            "FallbackText": null,
            "TagType": "None"
          },
          "FooterTag": {
            "TagContent": null,
            "TagLink": null,
            "FallbackText": null,
            "TagType": "None"
          },
          "IsCentreTag": false,
          "IsFooterEnabled": false,
          "UnitWeightInGrams": 201,
          "SupplyLimitMessage": "'Arnott's Tim Tam Chocolicious Velvet Mudslide' has a supply limit of 36. The quantity in your trolley has been reduced accordingly. To purchase a larger quantity, please contact us on 1800 000 610, or e-mail us at shoponline@woolworths.com.au. Please note - we do not supply trade orders.",
          "SmallFormatDescription": "Arnott's Tim Tam Chocolicious Velvet Mudslide",
          "IsAvailable": true,
          "AgeRestricted": false,
          "DisplayQuantity": 1,
          "RichDescription": "",
          "IsDeliveryPass": false,
          "HideWasSavedPrice": false
        }
      ],
      "Name": " Arnott's Tim Tam Chocolicious<br>Velvet Mudslide "
    },
    {
      "Products": [
        {
          "Stockcode": 425972,
          "CupPrice": 2.21,
          "CupMeasure": "100G",
          "CupString": "$2.21 / 100G",
          "HasCupPrice": true,
          "Price": 3.65,
          "Name": "Arnott's Tim Tam Strawberry Champagne",
          "UrlFriendlyName": "arnott-s-tim-tam-strawberry-champagne",
          "Description": " Arnott's Tim Tam Strawberry<br>Champagne 165g",
          "SmallImageFile": "/Content/wowProductImages/small/425972.jpg",
          "MediumImageFile": "/Content/wowProductImages/medium/425972.jpg",
          "LargeImageFile": "/Content/wowProductImages/large/425972.jpg",
          "IsOnSpecial": false,
          "IsEdrSpecial": false,
          "SavingsAmount": 0.00,
          "WasPrice": 3.65,
          "QuantityInTrolley": 0,
          "Unit": "Each",
          "MinimumQuantity": 1,
          "IsInTrolley": false,
          "Source": "SearchProducts",
          "SupplyLimit": 36,
          "PackageSize": "165g",
          "IsPmDelivery": false,
          "IsForCollection": true,
          "IsForDelivery": true,
          "ImageTag": {
            "TagContent": null,
            "TagLink": null,
            "FallbackText": "",
            "TagType": "None"
          },
          "CentreTag": {
            "TagContent": null,
            "TagLink": null,
            "FallbackText": null,
            "TagType": "None"
          },
          "FooterTag": {
            "TagContent": null,
            "TagLink": null,
            "FallbackText": null,
            "TagType": "None"
          },
          "IsCentreTag": false,
          "IsFooterEnabled": false,
          "UnitWeightInGrams": 173,
          "SupplyLimitMessage": "'Arnott's Tim Tam Strawberry Champagne' has a supply limit of 36. The quantity in your trolley has been reduced accordingly. To purchase a larger quantity, please contact us on 1800 000 610, or e-mail us at shoponline@woolworths.com.au. Please note - we do not supply trade orders.",
          "SmallFormatDescription": "Arnott's Tim Tam Strawberry Champagne",
          "IsAvailable": true,
          "AgeRestricted": false,
          "DisplayQuantity": 1,
          "RichDescription": "",
          "IsDeliveryPass": false,
          "HideWasSavedPrice": false
        }
      ],
      "Name": " Arnott's Tim Tam Strawberry<br>Champagne "
    },
    {
      "Products": [
        {
          "Stockcode": 827510,
          "CupPrice": 2.21,
          "CupMeasure": "100G",
          "CupString": "$2.21 / 100G",
          "HasCupPrice": true,
          "Price": 3.65,
          "Name": "Arnott's Tim Tams Chocolate Coconut Cream",
          "UrlFriendlyName": "arnott-s-tim-tams-chocolate-coconut-cream",
          "Description": " Arnott's Tim Tams Chocolate<br>Coconut Cream 165g",
          "SmallImageFile": "/Content/wowProductImages/small/827510.JPG",
          "MediumImageFile": "/Content/wowProductImages/medium/827510.JPG",
          "LargeImageFile": "/Content/wowProductImages/medium/827510.JPG",
          "IsOnSpecial": false,
          "IsEdrSpecial": false,
          "SavingsAmount": 0.00,
          "WasPrice": 3.65,
          "QuantityInTrolley": 0,
          "Unit": "Each",
          "MinimumQuantity": 1,
          "IsInTrolley": false,
          "Source": "SearchProducts",
          "SupplyLimit": 36,
          "PackageSize": "165g",
          "IsPmDelivery": false,
          "IsForCollection": true,
          "IsForDelivery": true,
          "ImageTag": {
            "TagContent": null,
            "TagLink": null,
            "FallbackText": "",
            "TagType": "None"
          },
          "CentreTag": {
            "TagContent": null,
            "TagLink": null,
            "FallbackText": null,
            "TagType": "None"
          },
          "FooterTag": {
            "TagContent": null,
            "TagLink": null,
            "FallbackText": null,
            "TagType": "None"
          },
          "IsCentreTag": false,
          "IsFooterEnabled": false,
          "UnitWeightInGrams": 182,
          "SupplyLimitMessage": "'Arnott's Tim Tams Chocolate Coconut Cream' has a supply limit of 36. The quantity in your trolley has been reduced accordingly. To purchase a larger quantity, please contact us on 1800 000 610, or e-mail us at shoponline@woolworths.com.au. Please note - we do not supply trade orders.",
          "SmallFormatDescription": "Arnott's Tim Tams Chocolate Coconut Cream",
          "IsAvailable": true,
          "AgeRestricted": false,
          "DisplayQuantity": 1,
          "RichDescription": "",
          "IsDeliveryPass": false,
          "HideWasSavedPrice": false
        }
      ],
      "Name": " Arnott's Tim Tams Chocolate<br>Coconut Cream "
    },
    {
      "Products": [
        {
          "Stockcode": 845043,
          "CupPrice": 2.21,
          "CupMeasure": "100G",
          "CupString": "$2.21 / 100G",
          "HasCupPrice": true,
          "Price": 3.65,
          "Name": "Tim Tam Three Bean ",
          "UrlFriendlyName": "tim-tam-three-bean",
          "Description": " Tim Tam Three Bean  165g",
          "SmallImageFile": "/Content/wowProductImages/small/845043.JPG",
          "MediumImageFile": "/Content/wowProductImages/medium/845043.JPG",
          "LargeImageFile": "/Content/wowProductImages/large/845043.JPG",
          "IsOnSpecial": false,
          "IsEdrSpecial": false,
          "SavingsAmount": 0.00,
          "WasPrice": 3.65,
          "QuantityInTrolley": 0,
          "Unit": "Each",
          "MinimumQuantity": 1,
          "IsInTrolley": false,
          "Source": "SearchProducts",
          "SupplyLimit": 36,
          "PackageSize": "165g",
          "IsPmDelivery": false,
          "IsForCollection": true,
          "IsForDelivery": true,
          "ImageTag": {
            "TagContent": null,
            "TagLink": null,
            "FallbackText": "",
            "TagType": "None"
          },
          "CentreTag": {
            "TagContent": null,
            "TagLink": null,
            "FallbackText": null,
            "TagType": "None"
          },
          "FooterTag": {
            "TagContent": null,
            "TagLink": null,
            "FallbackText": null,
            "TagType": "None"
          },
          "IsCentreTag": false,
          "IsFooterEnabled": false,
          "UnitWeightInGrams": 173,
          "SupplyLimitMessage": "'Tim Tam Three Bean ' has a supply limit of 36. The quantity in your trolley has been reduced accordingly. To purchase a larger quantity, please contact us on 1800 000 610, or e-mail us at shoponline@woolworths.com.au. Please note - we do not supply trade orders.",
          "SmallFormatDescription": "Tim Tam Three Bean ",
          "IsAvailable": true,
          "AgeRestricted": false,
          "DisplayQuantity": 1,
          "RichDescription": "",
          "IsDeliveryPass": false,
          "HideWasSavedPrice": false
        }
      ],
      "Name": " Tim Tam Three Bean  "
    },
    {
      "Products": [
        {
          "Stockcode": 827508,
          "CupPrice": 2.13,
          "CupMeasure": "100G",
          "CupString": "$2.13 / 100G",
          "HasCupPrice": true,
          "Price": 3.65,
          "Name": "Arnott's Tim Tams Chocolate Salted Caramel",
          "UrlFriendlyName": "arnott-s-tim-tams-chocolate-salted-caramel",
          "Description": " Arnott's Tim Tams Chocolate<br>Salted Caramel 171g",
          "SmallImageFile": "/Content/wowProductImages/small/827508.JPG",
          "MediumImageFile": "/Content/wowProductImages/medium/827508.JPG",
          "LargeImageFile": "/Content/wowProductImages/medium/827508.JPG",
          "IsOnSpecial": false,
          "IsEdrSpecial": false,
          "SavingsAmount": 0.00,
          "WasPrice": 3.65,
          "QuantityInTrolley": 0,
          "Unit": "Each",
          "MinimumQuantity": 1,
          "IsInTrolley": false,
          "Source": "SearchProducts",
          "SupplyLimit": 36,
          "PackageSize": "171g",
          "IsPmDelivery": false,
          "IsForCollection": true,
          "IsForDelivery": true,
          "ImageTag": {
            "TagContent": null,
            "TagLink": null,
            "FallbackText": "",
            "TagType": "None"
          },
          "CentreTag": {
            "TagContent": null,
            "TagLink": null,
            "FallbackText": null,
            "TagType": "None"
          },
          "FooterTag": {
            "TagContent": null,
            "TagLink": null,
            "FallbackText": null,
            "TagType": "None"
          },
          "IsCentreTag": false,
          "IsFooterEnabled": false,
          "UnitWeightInGrams": 180,
          "SupplyLimitMessage": "'Arnott's Tim Tams Chocolate Salted Caramel' has a supply limit of 36. The quantity in your trolley has been reduced accordingly. To purchase a larger quantity, please contact us on 1800 000 610, or e-mail us at shoponline@woolworths.com.au. Please note - we do not supply trade orders.",
          "SmallFormatDescription": "Arnott's Tim Tams Chocolate Salted Caramel",
          "IsAvailable": true,
          "AgeRestricted": false,
          "DisplayQuantity": 1,
          "RichDescription": "",
          "IsDeliveryPass": false,
          "HideWasSavedPrice": false
        }
      ],
      "Name": " Arnott's Tim Tams Chocolate<br>Salted Caramel "
    },
    {
      "Products": [
        {
          "Stockcode": 145466,
          "CupPrice": 4.23,
          "CupMeasure": "100G",
          "CupString": "$4.23 / 100G",
          "HasCupPrice": true,
          "Price": 1.69,
          "Name": "Arnott's Tim Tam Chocolate Fingers",
          "UrlFriendlyName": "arnott-s-tim-tam-chocolate-fingers",
          "Description": " Arnott's Tim Tam Chocolate<br>Fingers 40g",
          "SmallImageFile": "/Content/wowProductImages/small/145466.jpg",
          "MediumImageFile": "/Content/wowProductImages/medium/145466.jpg",
          "LargeImageFile": "/Content/wowProductImages/medium/145466.jpg",
          "IsOnSpecial": false,
          "IsEdrSpecial": false,
          "SavingsAmount": 0.00,
          "WasPrice": 1.69,
          "QuantityInTrolley": 0,
          "Unit": "Each",
          "MinimumQuantity": 1,
          "IsInTrolley": false,
          "Source": "SearchProducts",
          "SupplyLimit": 36,
          "PackageSize": "40g",
          "IsPmDelivery": false,
          "IsForCollection": true,
          "IsForDelivery": true,
          "ImageTag": {
            "TagContent": "/Content/PromotionTags/final-bmsm.png",
            "TagLink": "/Shop/SpecialsGroups/buy-more-save-more",
            "FallbackText": "Buy More Save More",
            "TagType": "None"
          },
          "CentreTag": {
            "TagContent": "<a title=\"2 for 2.600\" href=\"/Shop/ProductGroup/167582\"><span style=\"COLOR: #e2001a\">2 for $2.60</span> </a>",
            "TagLink": null,
            "FallbackText": null,
            "TagType": "Html"
          },
          "FooterTag": {
            "TagContent": null,
            "TagLink": null,
            "FallbackText": null,
            "TagType": "None"
          },
          "IsCentreTag": true,
          "IsFooterEnabled": false,
          "UnitWeightInGrams": 44,
          "SupplyLimitMessage": "'Arnott's Tim Tam Chocolate Fingers' has a supply limit of 36. The quantity in your trolley has been reduced accordingly. To purchase a larger quantity, please contact us on 1800 000 610, or e-mail us at shoponline@woolworths.com.au. Please note - we do not supply trade orders.",
          "SmallFormatDescription": "Arnott's Tim Tam Chocolate Fingers",
          "IsAvailable": true,
          "AgeRestricted": false,
          "DisplayQuantity": 1,
          "RichDescription": "",
          "IsDeliveryPass": false,
          "HideWasSavedPrice": false
        }
      ],
      "Name": " Arnott's Tim Tam Chocolate<br>Fingers "
    },
    {
      "Products": [
        {
          "Stockcode": 748855,
          "CupPrice": 1.27,
          "CupMeasure": "100G",
          "CupString": "$1.27 / 100G",
          "HasCupPrice": true,
          "Price": 4.19,
          "Name": "Arnott's Tim Tam Value Pack",
          "UrlFriendlyName": "arnott-s-tim-tam-value-pack",
          "Description": " Arnott's Tim Tam Value Pack 330g",
          "SmallImageFile": "/Content/wowProductImages/small/748855.jpg",
          "MediumImageFile": "/Content/wowProductImages/medium/748855.jpg",
          "LargeImageFile": "/Content/wowProductImages/medium/748855.jpg",
          "IsOnSpecial": false,
          "IsEdrSpecial": false,
          "SavingsAmount": 0.00,
          "WasPrice": 4.19,
          "QuantityInTrolley": 0,
          "Unit": "Each",
          "MinimumQuantity": 1,
          "IsInTrolley": false,
          "Source": "SearchProducts",
          "SupplyLimit": 36,
          "PackageSize": "330g",
          "IsPmDelivery": false,
          "IsForCollection": true,
          "IsForDelivery": true,
          "ImageTag": {
            "TagContent": "/Content/PromotionTags/final-bmsm.png",
            "TagLink": "/Shop/SpecialsGroups/buy-more-save-more",
            "FallbackText": "Buy More Save More",
            "TagType": "None"
          },
          "CentreTag": {
            "TagContent": "<a title=\"2 for 5.000\" href=\"/Shop/ProductGroup/167492\"><span style=\"COLOR: #e2001a\">2 for $5.00</span> </a>",
            "TagLink": null,
            "FallbackText": null,
            "TagType": "Html"
          },
          "FooterTag": {
            "TagContent": null,
            "TagLink": null,
            "FallbackText": null,
            "TagType": "None"
          },
          "IsCentreTag": true,
          "IsFooterEnabled": false,
          "UnitWeightInGrams": 346,
          "SupplyLimitMessage": "'Arnott's Tim Tam Value Pack' has a supply limit of 36. The quantity in your trolley has been reduced accordingly. To purchase a larger quantity, please contact us on 1800 000 610, or e-mail us at shoponline@woolworths.com.au. Please note - we do not supply trade orders.",
          "SmallFormatDescription": "Arnott's Tim Tam Value Pack",
          "IsAvailable": true,
          "AgeRestricted": false,
          "DisplayQuantity": 1,
          "RichDescription": "",
          "IsDeliveryPass": false,
          "HideWasSavedPrice": false
        }
      ],
      "Name": " Arnott's Tim Tam Value Pack "
    },
    {
      "Products": [
        {
          "Stockcode": 768627,
          "CupPrice": 1.6,
          "CupMeasure": "100G",
          "CupString": "$1.60 / 100G",
          "HasCupPrice": true,
          "Price": 3,
          "Name": "Arnott's Tim Tam Chocolate Chocolicious Bites Dark Choc",
          "UrlFriendlyName": "arnott-s-tim-tam-chocolate-chocolicious-bites-dark-choc",
          "Description": " Arnott's Tim Tam Chocolate<br>Chocolicious Bites... 187g",
          "SmallImageFile": "/Content/wowProductImages/small/768627.jpg",
          "MediumImageFile": "/Content/wowProductImages/medium/768627.jpg",
          "LargeImageFile": "/Content/wowProductImages/medium/768627.jpg",
          "IsOnSpecial": true,
          "IsEdrSpecial": false,
          "SavingsAmount": 1.39,
          "WasPrice": 4.39,
          "QuantityInTrolley": 0,
          "Unit": "Each",
          "MinimumQuantity": 1,
          "IsInTrolley": false,
          "Source": "SearchProducts",
          "SupplyLimit": 36,
          "PackageSize": "187g",
          "IsPmDelivery": false,
          "IsForCollection": true,
          "IsForDelivery": true,
          "ImageTag": {
            "TagContent": "/Content/PromotionTags/final-special.png",
            "TagLink": "",
            "FallbackText": "On Special",
            "TagType": "None"
          },
          "CentreTag": {
            "TagContent": null,
            "TagLink": null,
            "FallbackText": null,
            "TagType": "None"
          },
          "FooterTag": {
            "TagContent": null,
            "TagLink": null,
            "FallbackText": null,
            "TagType": "None"
          },
          "IsCentreTag": false,
          "IsFooterEnabled": false,
          "UnitWeightInGrams": 206,
          "SupplyLimitMessage": "'Arnott's Tim Tam Chocolate Chocolicious Bites Dark Choc' has a supply limit of 36. The quantity in your trolley has been reduced accordingly. To purchase a larger quantity, please contact us on 1800 000 610, or e-mail us at shoponline@woolworths.com.au. Please note - we do not supply trade orders.",
          "SmallFormatDescription": "Arnott's Tim Tam Chocolate Chocolicious Bites Dark Choc",
          "IsAvailable": true,
          "AgeRestricted": false,
          "DisplayQuantity": 1,
          "RichDescription": "",
          "IsDeliveryPass": false,
          "HideWasSavedPrice": false
        }
      ],
      "Name": " Arnott's Tim Tam Chocolate<br>Chocolicious Bites Dark... "
    },
    {
      "Products": [
        {
          "Stockcode": 880249,
          "CupPrice": 4.99,
          "CupMeasure": "1EA",
          "CupString": "$4.99 / 1EA",
          "HasCupPrice": true,
          "Price": 4.99,
          "Name": "Platinum Non Slip Tint Bowl",
          "UrlFriendlyName": "platinum-non-slip-tint-bowl",
          "Description": " Platinum Non Slip Tint Bowl each",
          "SmallImageFile": "/Content/wowProductImages/small/default.png",
          "MediumImageFile": "/Content/wowProductImages/medium/default.png",
          "LargeImageFile": "/Content/wowProductImages/large/default.png",
          "IsOnSpecial": false,
          "IsEdrSpecial": false,
          "SavingsAmount": 0.00,
          "WasPrice": 4.99,
          "QuantityInTrolley": 0,
          "Unit": "Each",
          "MinimumQuantity": 1,
          "IsInTrolley": false,
          "Source": "SearchProducts",
          "SupplyLimit": 36,
          "PackageSize": "each",
          "IsPmDelivery": false,
          "IsForCollection": true,
          "IsForDelivery": true,
          "ImageTag": {
            "TagContent": null,
            "TagLink": null,
            "FallbackText": "",
            "TagType": "None"
          },
          "CentreTag": {
            "TagContent": null,
            "TagLink": null,
            "FallbackText": null,
            "TagType": "None"
          },
          "FooterTag": {
            "TagContent": null,
            "TagLink": null,
            "FallbackText": null,
            "TagType": "None"
          },
          "IsCentreTag": false,
          "IsFooterEnabled": false,
          "UnitWeightInGrams": 46,
          "SupplyLimitMessage": "'Platinum Non Slip Tint Bowl' has a supply limit of 36. The quantity in your trolley has been reduced accordingly. To purchase a larger quantity, please contact us on 1800 000 610, or e-mail us at shoponline@woolworths.com.au. Please note - we do not supply trade orders.",
          "SmallFormatDescription": "Platinum Non Slip Tint Bowl",
          "IsAvailable": true,
          "AgeRestricted": false,
          "DisplayQuantity": 1,
          "RichDescription": "",
          "IsDeliveryPass": false,
          "HideWasSavedPrice": false
        }
      ],
      "Name": " Platinum Non Slip Tint Bowl "
    },
    {
      "Products": [
        {
          "Stockcode": 363877,
          "CupPrice": 3,
          "CupMeasure": "1EA",
          "CupString": "$3.00 / 1EA",
          "HasCupPrice": true,
          "Price": 5.99,
          "Name": "Woolworths Select Hair Brush Tinting & Tail Comb Set",
          "UrlFriendlyName": "woolworths-select-hair-brush-tinting-tail-comb-set",
          "Description": " Woolworths Select Hair Brush<br>Tinting & Tail Comb... 2pk",
          "SmallImageFile": "/Content/wowProductImages/small/363877.jpg",
          "MediumImageFile": "/Content/wowProductImages/medium/363877.jpg",
          "LargeImageFile": "/Content/wowProductImages/medium/363877.jpg",
          "IsOnSpecial": false,
          "IsEdrSpecial": false,
          "SavingsAmount": 0.00,
          "WasPrice": 5.99,
          "QuantityInTrolley": 0,
          "Unit": "Each",
          "MinimumQuantity": 1,
          "IsInTrolley": false,
          "Source": "SearchProducts",
          "SupplyLimit": 36,
          "PackageSize": "2pk",
          "IsPmDelivery": false,
          "IsForCollection": true,
          "IsForDelivery": true,
          "ImageTag": {
            "TagContent": null,
            "TagLink": null,
            "FallbackText": "",
            "TagType": "None"
          },
          "CentreTag": {
            "TagContent": null,
            "TagLink": null,
            "FallbackText": null,
            "TagType": "None"
          },
          "FooterTag": {
            "TagContent": null,
            "TagLink": null,
            "FallbackText": null,
            "TagType": "None"
          },
          "IsCentreTag": false,
          "IsFooterEnabled": false,
          "UnitWeightInGrams": 38,
          "SupplyLimitMessage": "'Woolworths Select Hair Brush Tinting & Tail Comb Set' has a supply limit of 36. The quantity in your trolley has been reduced accordingly. To purchase a larger quantity, please contact us on 1800 000 610, or e-mail us at shoponline@woolworths.com.au. Please note - we do not supply trade orders.",
          "SmallFormatDescription": "Woolworths Select Hair Brush Tinting & Tail Comb Set",
          "IsAvailable": true,
          "AgeRestricted": false,
          "DisplayQuantity": 1,
          "RichDescription": "",
          "IsDeliveryPass": false,
          "HideWasSavedPrice": false
        }
      ],
      "Name": " Woolworths Select Hair Brush<br>Tinting & Tail Comb Set "
    },
    {
      "Products": [
        {
          "Stockcode": 295008,
          "CupPrice": 0,
          "CupMeasure": "0",
          "CupString": "$0.00 / 0",
          "HasCupPrice": false,
          "Price": 6.26,
          "Name": "Razzamatazz Bare Tints Pantyhose Bare Tints Glam",
          "UrlFriendlyName": "razzamatazz-bare-tints-pantyhose-bare-tints-glam",
          "Description": " Razzamatazz Bare Tints<br>Pantyhose Bare... xtall 1pk",
          "SmallImageFile": "/Content/wowProductImages/small/295008.jpg",
          "MediumImageFile": "/Content/wowProductImages/medium/295008.jpg",
          "LargeImageFile": "/Content/wowProductImages/medium/295008.jpg",
          "IsOnSpecial": true,
          "IsEdrSpecial": false,
          "SavingsAmount": 2.69,
          "WasPrice": 8.95,
          "QuantityInTrolley": 0,
          "Unit": "Each",
          "MinimumQuantity": 1,
          "IsInTrolley": false,
          "Source": "SearchProducts",
          "SupplyLimit": 36,
          "PackageSize": "xtall 1pk",
          "IsPmDelivery": false,
          "IsForCollection": true,
          "IsForDelivery": true,
          "ImageTag": {
            "TagContent": "/Content/PromotionTags/final-special.png",
            "TagLink": "",
            "FallbackText": "On Special",
            "TagType": "None"
          },
          "CentreTag": {
            "TagContent": null,
            "TagLink": null,
            "FallbackText": null,
            "TagType": "None"
          },
          "FooterTag": {
            "TagContent": null,
            "TagLink": null,
            "FallbackText": null,
            "TagType": "None"
          },
          "IsCentreTag": false,
          "IsFooterEnabled": false,
          "UnitWeightInGrams": 10,
          "SupplyLimitMessage": "'Razzamatazz Bare Tints Pantyhose Bare Tints Glam' has a supply limit of 36. The quantity in your trolley has been reduced accordingly. To purchase a larger quantity, please contact us on 1800 000 610, or e-mail us at shoponline@woolworths.com.au. Please note - we do not supply trade orders.",
          "SmallFormatDescription": "Razzamatazz Bare Tints Pantyhose Bare Tints Glam",
          "IsAvailable": true,
          "AgeRestricted": false,
          "DisplayQuantity": 1,
          "RichDescription": "",
          "IsDeliveryPass": false,
          "HideWasSavedPrice": false
        }
      ],
      "Name": " Razzamatazz Bare Tints<br>Pantyhose Bare Tints Glam "
    },
    {
      "Products": [
        {
          "Stockcode": 280520,
          "CupPrice": 0,
          "CupMeasure": "0",
          "CupString": "$0.00 / 0",
          "HasCupPrice": false,
          "Price": 4.47,
          "Name": "Razzamatazz Bare Tints Pantyhose Bare Tints Glam",
          "UrlFriendlyName": "razzamatazz-bare-tints-pantyhose-bare-tints-glam",
          "Description": " Razzamatazz Bare Tints<br>Pantyhose Bare... tall 1pk",
          "SmallImageFile": "/Content/wowProductImages/small/280520.jpg",
          "MediumImageFile": "/Content/wowProductImages/medium/280520.jpg",
          "LargeImageFile": "/Content/wowProductImages/medium/280520.jpg",
          "IsOnSpecial": true,
          "IsEdrSpecial": false,
          "SavingsAmount": 4.48,
          "WasPrice": 8.95,
          "QuantityInTrolley": 0,
          "Unit": "Each",
          "MinimumQuantity": 1,
          "IsInTrolley": false,
          "Source": "SearchProducts",
          "SupplyLimit": 36,
          "PackageSize": "tall 1pk",
          "IsPmDelivery": false,
          "IsForCollection": true,
          "IsForDelivery": true,
          "ImageTag": {
            "TagContent": "/Content/PromotionTags/final-half-price.png",
            "TagLink": "",
            "FallbackText": "Half Price",
            "TagType": "None"
          },
          "CentreTag": {
            "TagContent": null,
            "TagLink": null,
            "FallbackText": null,
            "TagType": "None"
          },
          "FooterTag": {
            "TagContent": null,
            "TagLink": null,
            "FallbackText": null,
            "TagType": "None"
          },
          "IsCentreTag": false,
          "IsFooterEnabled": false,
          "UnitWeightInGrams": 10,
          "SupplyLimitMessage": "'Razzamatazz Bare Tints Pantyhose Bare Tints Glam' has a supply limit of 36. The quantity in your trolley has been reduced accordingly. To purchase a larger quantity, please contact us on 1800 000 610, or e-mail us at shoponline@woolworths.com.au. Please note - we do not supply trade orders.",
          "SmallFormatDescription": "Razzamatazz Bare Tints Pantyhose Bare Tints Glam",
          "IsAvailable": true,
          "AgeRestricted": false,
          "DisplayQuantity": 1,
          "RichDescription": "",
          "IsDeliveryPass": false,
          "HideWasSavedPrice": false
        }
      ],
      "Name": " Razzamatazz Bare Tints<br>Pantyhose Bare Tints Glam "
    },
    {
      "Products": [
        {
          "Stockcode": 340308,
          "CupPrice": 0,
          "CupMeasure": "0",
          "CupString": "$0.00 / 0",
          "HasCupPrice": false,
          "Price": 4.97,
          "Name": "Razzamatazz Bare Tints Pantyhose Slim Glam",
          "UrlFriendlyName": "razzamatazz-bare-tints-pantyhose-slim-glam",
          "Description": " Razzamatazz Bare Tints<br>Pantyhose Slim... xtall 1pk",
          "SmallImageFile": "/Content/wowProductImages/small/340308.jpg",
          "MediumImageFile": "/Content/wowProductImages/medium/340308.jpg",
          "LargeImageFile": "/Content/wowProductImages/medium/340308.jpg",
          "IsOnSpecial": true,
          "IsEdrSpecial": false,
          "SavingsAmount": 4.98,
          "WasPrice": 9.95,
          "QuantityInTrolley": 0,
          "Unit": "Each",
          "MinimumQuantity": 1,
          "IsInTrolley": false,
          "Source": "SearchProducts",
          "SupplyLimit": 36,
          "PackageSize": "xtall 1pk",
          "IsPmDelivery": false,
          "IsForCollection": true,
          "IsForDelivery": true,
          "ImageTag": {
            "TagContent": "/Content/PromotionTags/final-half-price.png",
            "TagLink": "",
            "FallbackText": "Half Price",
            "TagType": "None"
          },
          "CentreTag": {
            "TagContent": null,
            "TagLink": null,
            "FallbackText": null,
            "TagType": "None"
          },
          "FooterTag": {
            "TagContent": null,
            "TagLink": null,
            "FallbackText": null,
            "TagType": "None"
          },
          "IsCentreTag": false,
          "IsFooterEnabled": false,
          "UnitWeightInGrams": 60,
          "SupplyLimitMessage": "'Razzamatazz Bare Tints Pantyhose Slim Glam' has a supply limit of 36. The quantity in your trolley has been reduced accordingly. To purchase a larger quantity, please contact us on 1800 000 610, or e-mail us at shoponline@woolworths.com.au. Please note - we do not supply trade orders.",
          "SmallFormatDescription": "Razzamatazz Bare Tints Pantyhose Slim Glam",
          "IsAvailable": true,
          "AgeRestricted": false,
          "DisplayQuantity": 1,
          "RichDescription": "",
          "IsDeliveryPass": false,
          "HideWasSavedPrice": false
        }
      ],
      "Name": " Razzamatazz Bare Tints<br>Pantyhose Slim Glam "
    },
    {
      "Products": [
        {
          "Stockcode": 742676,
          "CupPrice": 6.26,
          "CupMeasure": "1EA",
          "CupString": "$6.26 / 1EA",
          "HasCupPrice": true,
          "Price": 4.47,
          "Name": "Razza Bare Tints Pantyhose Toeless Xtall",
          "UrlFriendlyName": "razza-bare-tints-pantyhose-toeless-xtall",
          "Description": " Razza Bare Tints Pantyhose<br>Toeless Xtall each",
          "SmallImageFile": "/Content/wowProductImages/small/742676.JPG",
          "MediumImageFile": "/Content/wowProductImages/medium/742676.JPG",
          "LargeImageFile": "/Content/wowProductImages/large/742676.JPG",
          "IsOnSpecial": true,
          "IsEdrSpecial": false,
          "SavingsAmount": 4.48,
          "WasPrice": 8.95,
          "QuantityInTrolley": 0,
          "Unit": "Each",
          "MinimumQuantity": 1,
          "IsInTrolley": false,
          "Source": "SearchProducts",
          "SupplyLimit": 36,
          "PackageSize": "each",
          "IsPmDelivery": false,
          "IsForCollection": true,
          "IsForDelivery": true,
          "ImageTag": {
            "TagContent": "/Content/PromotionTags/final-half-price.png",
            "TagLink": "",
            "FallbackText": "Half Price",
            "TagType": "None"
          },
          "CentreTag": {
            "TagContent": null,
            "TagLink": null,
            "FallbackText": null,
            "TagType": "None"
          },
          "FooterTag": {
            "TagContent": null,
            "TagLink": null,
            "FallbackText": null,
            "TagType": "None"
          },
          "IsCentreTag": false,
          "IsFooterEnabled": false,
          "UnitWeightInGrams": 10,
          "SupplyLimitMessage": "'Razza Bare Tints Pantyhose Toeless Xtall' has a supply limit of 36. The quantity in your trolley has been reduced accordingly. To purchase a larger quantity, please contact us on 1800 000 610, or e-mail us at shoponline@woolworths.com.au. Please note - we do not supply trade orders.",
          "SmallFormatDescription": "Razza Bare Tints Pantyhose Toeless Xtall",
          "IsAvailable": true,
          "AgeRestricted": false,
          "DisplayQuantity": 1,
          "RichDescription": "",
          "IsDeliveryPass": false,
          "HideWasSavedPrice": false
        }
      ],
      "Name": " Razza Bare Tints Pantyhose<br>Toeless Xtall "
    },
    {
      "Products": [
        {
          "Stockcode": 279990,
          "CupPrice": 74.95,
          "CupMeasure": "100G",
          "CupString": "$74.95 / 100G",
          "HasCupPrice": true,
          "Price": 14.99,
          "Name": "Invisible  Zinc  Spf 30+ Tinted Daywear Light",
          "UrlFriendlyName": "invisible-zinc-spf-30-tinted-daywear-light",
          "Description": " Invisible  Zinc  Spf 30+<br>Tinted Daywear Light 20g",
          "SmallImageFile": "/Content/wowProductImages/small/279990.jpg",
          "MediumImageFile": "/Content/wowProductImages/medium/279990.jpg",
          "LargeImageFile": "/Content/wowProductImages/medium/279990.jpg",
          "IsOnSpecial": false,
          "IsEdrSpecial": false,
          "SavingsAmount": 0.00,
          "WasPrice": 14.99,
          "QuantityInTrolley": 0,
          "Unit": "Each",
          "MinimumQuantity": 1,
          "IsInTrolley": false,
          "Source": "SearchProducts",
          "SupplyLimit": 36,
          "PackageSize": "20g",
          "IsPmDelivery": false,
          "IsForCollection": true,
          "IsForDelivery": true,
          "ImageTag": {
            "TagContent": null,
            "TagLink": null,
            "FallbackText": "",
            "TagType": "None"
          },
          "CentreTag": {
            "TagContent": null,
            "TagLink": null,
            "FallbackText": null,
            "TagType": "None"
          },
          "FooterTag": {
            "TagContent": null,
            "TagLink": null,
            "FallbackText": null,
            "TagType": "None"
          },
          "IsCentreTag": false,
          "IsFooterEnabled": false,
          "UnitWeightInGrams": 20,
          "SupplyLimitMessage": "'Invisible  Zinc  Spf 30+ Tinted Daywear Light' has a supply limit of 36. The quantity in your trolley has been reduced accordingly. To purchase a larger quantity, please contact us on 1800 000 610, or e-mail us at shoponline@woolworths.com.au. Please note - we do not supply trade orders.",
          "SmallFormatDescription": "Invisible  Zinc  Spf 30+ Tinted Daywear Light",
          "IsAvailable": true,
          "AgeRestricted": false,
          "DisplayQuantity": 1,
          "RichDescription": "",
          "IsDeliveryPass": false,
          "HideWasSavedPrice": false
        }
      ],
      "Name": " Invisible  Zinc  Spf 30+<br>Tinted Daywear Light "
    },
    {
      "Products": [
        {
          "Stockcode": 881646,
          "CupPrice": 0,
          "CupMeasure": "0",
          "CupString": "$0.00 / 0",
          "HasCupPrice": false,
          "Price": 14,
          "Name": "Cool Gear Double Wall Tinted Drink Bottle",
          "UrlFriendlyName": "cool-gear-double-wall-tinted-drink-bottle",
          "Description": " Cool Gear Double Wall Tinted<br>Drink Bottle 591ml",
          "SmallImageFile": "/Content/wowProductImages/small/881646.JPG",
          "MediumImageFile": "/Content/wowProductImages/medium/881646.JPG",
          "LargeImageFile": "/Content/wowProductImages/large/881646.JPG",
          "IsOnSpecial": false,
          "IsEdrSpecial": false,
          "SavingsAmount": 0,
          "WasPrice": 14,
          "QuantityInTrolley": 0,
          "Unit": "Each",
          "MinimumQuantity": 1,
          "IsInTrolley": false,
          "Source": "SearchProducts",
          "SupplyLimit": 36,
          "PackageSize": "591ml",
          "IsPmDelivery": false,
          "IsForCollection": true,
          "IsForDelivery": true,
          "ImageTag": {
            "TagContent": null,
            "TagLink": null,
            "FallbackText": "",
            "TagType": "None"
          },
          "CentreTag": {
            "TagContent": null,
            "TagLink": null,
            "FallbackText": null,
            "TagType": "None"
          },
          "FooterTag": {
            "TagContent": null,
            "TagLink": null,
            "FallbackText": null,
            "TagType": "None"
          },
          "IsCentreTag": false,
          "IsFooterEnabled": false,
          "UnitWeightInGrams": 297,
          "SupplyLimitMessage": "'Cool Gear Double Wall Tinted Drink Bottle' has a supply limit of 36. The quantity in your trolley has been reduced accordingly. To purchase a larger quantity, please contact us on 1800 000 610, or e-mail us at shoponline@woolworths.com.au. Please note - we do not supply trade orders.",
          "SmallFormatDescription": "Cool Gear Double Wall Tinted Drink Bottle",
          "IsAvailable": true,
          "AgeRestricted": false,
          "DisplayQuantity": 1,
          "RichDescription": "",
          "IsDeliveryPass": false,
          "HideWasSavedPrice": false
        }
      ],
      "Name": " Cool Gear Double Wall Tinted<br>Drink Bottle "
    },
    {
      "Products": [
        {
          "Stockcode": 715014,
          "CupPrice": 59.98,
          "CupMeasure": "100G",
          "CupString": "$59.98 / 100G",
          "HasCupPrice": true,
          "Price": 29.99,
          "Name": "Invisible Zinc Spf 30+ Sunscreen Tinted Daywear Medium",
          "UrlFriendlyName": "invisible-zinc-spf-30-sunscreen-tinted-daywear-medium",
          "Description": " Invisible Zinc Spf 30+<br>Sunscreen Tinted... 50g",
          "SmallImageFile": "/Content/wowProductImages/small/715014.JPG",
          "MediumImageFile": "/Content/wowProductImages/medium/715014.JPG",
          "LargeImageFile": "/Content/wowProductImages/medium/715014.JPG",
          "IsOnSpecial": false,
          "IsEdrSpecial": false,
          "SavingsAmount": 0.00,
          "WasPrice": 29.99,
          "QuantityInTrolley": 0,
          "Unit": "Each",
          "MinimumQuantity": 1,
          "IsInTrolley": false,
          "Source": "SearchProducts",
          "SupplyLimit": 36,
          "PackageSize": "50g",
          "IsPmDelivery": false,
          "IsForCollection": true,
          "IsForDelivery": true,
          "ImageTag": {
            "TagContent": null,
            "TagLink": null,
            "FallbackText": "",
            "TagType": "None"
          },
          "CentreTag": {
            "TagContent": null,
            "TagLink": null,
            "FallbackText": null,
            "TagType": "None"
          },
          "FooterTag": {
            "TagContent": null,
            "TagLink": null,
            "FallbackText": null,
            "TagType": "None"
          },
          "IsCentreTag": false,
          "IsFooterEnabled": false,
          "UnitWeightInGrams": 50,
          "SupplyLimitMessage": "'Invisible Zinc Spf 30+ Sunscreen Tinted Daywear Medium' has a supply limit of 36. The quantity in your trolley has been reduced accordingly. To purchase a larger quantity, please contact us on 1800 000 610, or e-mail us at shoponline@woolworths.com.au. Please note - we do not supply trade orders.",
          "SmallFormatDescription": "Invisible Zinc Spf 30+ Sunscreen Tinted Daywear Medium",
          "IsAvailable": true,
          "AgeRestricted": false,
          "DisplayQuantity": 1,
          "RichDescription": "",
          "IsDeliveryPass": false,
          "HideWasSavedPrice": false
        }
      ],
      "Name": " Invisible Zinc Spf 30+<br>Sunscreen Tinted Daywear... "
    },
    {
      "Products": [
        {
          "Stockcode": 715047,
          "CupPrice": 59.9,
          "CupMeasure": "100G",
          "CupString": "$59.90 / 100G",
          "HasCupPrice": true,
          "Price": 29.95,
          "Name": "Invisible Zinc Spf 30+ Sunscreen Tinted Daywear Light",
          "UrlFriendlyName": "invisible-zinc-spf-30-sunscreen-tinted-daywear-light",
          "Description": " Invisible Zinc Spf 30+<br>Sunscreen Tinted... 50g",
          "SmallImageFile": "/Content/wowProductImages/small/715047.JPG",
          "MediumImageFile": "/Content/wowProductImages/medium/715047.JPG",
          "LargeImageFile": "/Content/wowProductImages/medium/715047.JPG",
          "IsOnSpecial": false,
          "IsEdrSpecial": false,
          "SavingsAmount": 0.00,
          "WasPrice": 29.95,
          "QuantityInTrolley": 0,
          "Unit": "Each",
          "MinimumQuantity": 1,
          "IsInTrolley": false,
          "Source": "SearchProducts",
          "SupplyLimit": 36,
          "PackageSize": "50g",
          "IsPmDelivery": false,
          "IsForCollection": true,
          "IsForDelivery": true,
          "ImageTag": {
            "TagContent": null,
            "TagLink": null,
            "FallbackText": "",
            "TagType": "None"
          },
          "CentreTag": {
            "TagContent": null,
            "TagLink": null,
            "FallbackText": null,
            "TagType": "None"
          },
          "FooterTag": {
            "TagContent": null,
            "TagLink": null,
            "FallbackText": null,
            "TagType": "None"
          },
          "IsCentreTag": false,
          "IsFooterEnabled": false,
          "UnitWeightInGrams": 50,
          "SupplyLimitMessage": "'Invisible Zinc Spf 30+ Sunscreen Tinted Daywear Light' has a supply limit of 36. The quantity in your trolley has been reduced accordingly. To purchase a larger quantity, please contact us on 1800 000 610, or e-mail us at shoponline@woolworths.com.au. Please note - we do not supply trade orders.",
          "SmallFormatDescription": "Invisible Zinc Spf 30+ Sunscreen Tinted Daywear Light",
          "IsAvailable": true,
          "AgeRestricted": false,
          "DisplayQuantity": 1,
          "RichDescription": "",
          "IsDeliveryPass": false,
          "HideWasSavedPrice": false
        }
      ],
      "Name": " Invisible Zinc Spf 30+<br>Sunscreen Tinted Daywear... "
    }
  ],
  "Corrections": null,
  "SearchResultsCount": 26,
  "VisualShoppingAisleResponse": [
    {
      "Name": "Confectionery, Snacks & Drinks",
      "UrlFriendlyName": "confectionery-snacks-drinks",
      "Color": "#ffffff",
      "TextColor": "#373737",
      "NumberColor": "#929292",
      "IconFile": "/Content/wowAisleImages/confectionery-snacks-drinks.svg",
      "ChildCategories": [
        {
          "Name": "plain & sweet biscuits",
          "UrlFriendlyName": "plain-sweet-biscuits",
          "ImageFile": "plain-sweet-biscuits.jpg",
          "ProductCount": 16,
          "IsRestricted": false,
          "IsEligibleForRanking": false
        }
      ]
    },
    {
      "Name": "Toiletries, Beauty, Health \n& Wellbeing",
      "UrlFriendlyName": "toiletries-beauty-health-wellbeing",
      "Color": "#ffffff",
      "TextColor": "#373737",
      "NumberColor": "#929292",
      "IconFile": "/Content/wowAisleImages/toiletries-beauty-health-wellbeing.svg",
      "ChildCategories": [
        {
          "Name": "hair accessories",
          "UrlFriendlyName": "hair-accessories",
          "ImageFile": "hair-accessories.jpg",
          "ProductCount": 2,
          "IsRestricted": false,
          "IsEligibleForRanking": false
        },
        {
          "Name": "sun protection",
          "UrlFriendlyName": "sun-protection",
          "ImageFile": "sun-protection.jpg",
          "ProductCount": 3,
          "IsRestricted": false,
          "IsEligibleForRanking": false
        }
      ]
    },
    {
      "Name": "Entertainment, Home & \nOutdoor",
      "UrlFriendlyName": "entertainment-home-outdoor",
      "Color": "#ffffff",
      "TextColor": "#373737",
      "NumberColor": "#929292",
      "IconFile": "/Content/wowAisleImages/entertainment-home-outdoor.svg",
      "ChildCategories": [
        {
          "Name": "cookware & kitchen",
          "UrlFriendlyName": "cookware-kitchen",
          "ImageFile": "cookware-kitchen.jpg",
          "ProductCount": 1,
          "IsRestricted": false,
          "IsEligibleForRanking": false
        },
        {
          "Name": "hosiery",
          "UrlFriendlyName": "hosiery",
          "ImageFile": "hosiery.jpg",
          "ProductCount": 4,
          "IsRestricted": false,
          "IsEligibleForRanking": false
        }
      ]
    }
  ]
}