<html>
<head></head>
<body>
<div id="searchDisplay" data-refresh="{refreshId:'searchView',multiSearch:'',productView:'list',searchTerm:'smiths',orderBy:'',beginIndex:'0', pageSize:'100',storeId:'10601',catalogId:'10576',browseView:'false'}">
    <div id="pageHead" class="clearfix">
        <div class="floatLeft">
            <ul class="breadcrumb">
                <li><a href="http://shop.coles.com.au/online/national" title="Navigate to the homepage">Home</a> <span>→</span></li>
                <li>Search Results</li>
            </ul>
        </div>
        <div class="clear"></div>
        <div class="floatLeft">
            <p class="pageInfo"> We’ve found <span>41 matches</span> for your search. </p>
        </div>
        <div class="clear"></div>
        <div class="floatLeft">
            <h1 id="page-heading"> smiths </h1>
        </div>
        <div class="floatRight pageInfoRight">
            <label for="orderBy" class="label">Sort by:</label>
            <div class="sortOrder rounded">
                <select id="orderBy" title="Product sort order" name="orderBy"> <option selected value="">Relevancy</option> <option value="10601_5">Specials first</option> <option value="10601_3">Lowest price first</option> <option value="10601_4">Lowest unit price first</option> <option value="1">A-Z (Brand)</option> <option value="2">A-Z (Product Name)</option> </select>
            </div>
            <ul id="productView">
                <li class="viewSwitcher grid" data-view="grid"> <a href="#" title="Display products in grid view"> <span class="viewInfo ir">Switch to grid view</span> </a> </li>
                <li class="viewSwitcher list" data-view="list"> <a href="#" title="Display products in list view" class="selected"> <span class="viewInfo ir">Switch to list view</span> </a> </li>
                <li class="viewSwitcher text" data-view="text"> <a href="#" title="Display products in text view"> <span class="viewInfo ir">Switch to text view</span> </a> </li>
            </ul>
        </div>
    </div>
    <div class="messageArea" aria-live="assertive"></div>
    <div class="localisation-disclaimer msg-warning hidden">
        Prices and range may differ from region to region.
        <a href="#localisation" class="popup-launch" title="Tell us your location to see your local prices">Tell us your location to see your local prices</a>
    </div>
    <div class="layout-20-80 clearfix">
        <div class="column-1">
            <div class="plain-box">
                <h2 class="keywords">Narrow your search:</h2>
                <ul id="keywords" role="presentation">
                    <li><a href="http://shop.coles.com.au/online/SearchDisplay?multiSearch=&amp;searchSource=&amp;showResultsPage=true&amp;langId=-1&amp;beginIndex=0&amp;sType=SimpleSearch&amp;browseView=false&amp;pageSize=100&amp;resultCatEntryType=&amp;catalogId=10576&amp;pageView=image&amp;searchTerm=smiths&amp;storeId=10601" title="Reset all">Reset all</a></li>
                    <li>
                        <ul role="presentation">
                            <li role="presentation"> <h3>Category</h3> <a class="1" href="http://shop.coles.com.au/online/SearchDisplay?multiSearch=&amp;searchSource=&amp;showResultsPage=true&amp;langId=-1&amp;beginIndex=0&amp;sType=SimpleSearch&amp;browseView=false&amp;pageSize=100&amp;resultCatEntryType=&amp;catalogId=10576&amp;pageView=image&amp;searchTerm=smiths&amp;storeId=10601" name="type-Category" title=""><span class="cat-facet">Show all</span>&nbsp;<span role="presentation" aria-hidden="true" class="cat-count">(41)</span><span class="cat-count accessibility">(41items)</span></a>
                                <ul>
                                    <li> <a href="http://shop.coles.com.au/online/SearchDisplay?searchTermScope=&amp;multiSearch=&amp;searchType=2&amp;maxPrice=&amp;showResultsPage=true&amp;langId=-1&amp;beginIndex=0&amp;sType=SimpleSearch&amp;metaData=&amp;browseView=false&amp;manufacturer=&amp;resultCatEntryType=&amp;catalogId=10576&amp;pageView=image&amp;searchTerm=smiths&amp;minPrice=&amp;urlLangId=-1&amp;categoryId=1454051&amp;storeId=10601" name="type-Category" title=""><span class="cat-facet">Business Orders</span>&nbsp;<span role="presentation" aria-hidden="true" class="cat-count">(2)</span><span class="cat-count accessibility">(2items)</span></a> </li>
                                    <li> <a href="http://shop.coles.com.au/online/SearchDisplay?searchTermScope=&amp;multiSearch=&amp;searchType=2&amp;maxPrice=&amp;showResultsPage=true&amp;langId=-1&amp;beginIndex=0&amp;sType=SimpleSearch&amp;metaData=&amp;browseView=false&amp;manufacturer=&amp;resultCatEntryType=&amp;catalogId=10576&amp;pageView=image&amp;searchTerm=smiths&amp;minPrice=&amp;urlLangId=-1&amp;categoryId=1454065&amp;storeId=10601" name="type-Category" title=""><span class="cat-facet">All Businesses</span>&nbsp;<span role="presentation" aria-hidden="true" class="cat-count">(2)</span><span class="cat-count accessibility">(2items)</span></a> </li>
                                    <li> <a href="http://shop.coles.com.au/online/SearchDisplay?searchTermScope=&amp;multiSearch=&amp;searchType=2&amp;maxPrice=&amp;showResultsPage=true&amp;langId=-1&amp;beginIndex=0&amp;sType=SimpleSearch&amp;metaData=&amp;browseView=false&amp;manufacturer=&amp;resultCatEntryType=&amp;catalogId=10576&amp;pageView=image&amp;searchTerm=smiths&amp;minPrice=&amp;urlLangId=-1&amp;categoryId=1454079&amp;storeId=10601" name="type-Category" title=""><span class="cat-facet">Childcare</span>&nbsp;<span role="presentation" aria-hidden="true" class="cat-count">(2)</span><span class="cat-count accessibility">(2items)</span></a> </li>
                                    <li> <a href="http://shop.coles.com.au/online/SearchDisplay?searchTermScope=&amp;multiSearch=&amp;searchType=2&amp;maxPrice=&amp;showResultsPage=true&amp;langId=-1&amp;beginIndex=0&amp;sType=SimpleSearch&amp;metaData=&amp;browseView=false&amp;manufacturer=&amp;resultCatEntryType=&amp;catalogId=10576&amp;pageView=image&amp;searchTerm=smiths&amp;minPrice=&amp;urlLangId=-1&amp;categoryId=1454115&amp;storeId=10601" name="type-Category" title=""><span class="cat-facet">Schools</span>&nbsp;<span role="presentation" aria-hidden="true" class="cat-count">(2)</span><span class="cat-count accessibility">(2items)</span></a> </li>
                                    <li> <a href="http://shop.coles.com.au/online/SearchDisplay?searchTermScope=&amp;multiSearch=&amp;searchType=2&amp;maxPrice=&amp;showResultsPage=true&amp;langId=-1&amp;beginIndex=0&amp;sType=SimpleSearch&amp;metaData=&amp;browseView=false&amp;manufacturer=&amp;resultCatEntryType=&amp;catalogId=10576&amp;pageView=image&amp;searchTerm=smiths&amp;minPrice=&amp;urlLangId=-1&amp;categoryId=1454129&amp;storeId=10601" name="type-Category" title=""><span class="cat-facet">Disability &amp; Aged Care</span>&nbsp;<span role="presentation" aria-hidden="true" class="cat-count">(2)</span><span class="cat-count accessibility">(2items)</span></a> </li>
                                    <li> <a href="http://shop.coles.com.au/online/SearchDisplay?searchTermScope=&amp;multiSearch=&amp;searchType=2&amp;maxPrice=&amp;showResultsPage=true&amp;langId=-1&amp;beginIndex=0&amp;sType=SimpleSearch&amp;metaData=&amp;browseView=false&amp;manufacturer=&amp;resultCatEntryType=&amp;catalogId=10576&amp;pageView=image&amp;searchTerm=smiths&amp;minPrice=&amp;urlLangId=-1&amp;categoryId=25573&amp;storeId=10601" name="type-Category" title=""><span class="cat-facet">Pantry</span>&nbsp;<span role="presentation" aria-hidden="true" class="cat-count">(38)</span><span class="cat-count accessibility">(38items)</span></a> </li>
                                    <li> <a href="http://shop.coles.com.au/online/SearchDisplay?searchTermScope=&amp;multiSearch=&amp;searchType=2&amp;maxPrice=&amp;showResultsPage=true&amp;langId=-1&amp;beginIndex=0&amp;sType=SimpleSearch&amp;metaData=&amp;browseView=false&amp;manufacturer=&amp;resultCatEntryType=&amp;catalogId=10576&amp;pageView=image&amp;searchTerm=smiths&amp;minPrice=&amp;urlLangId=-1&amp;categoryId=25577&amp;storeId=10601" name="type-Category" title=""><span class="cat-facet">Drinks</span>&nbsp;<span role="presentation" aria-hidden="true" class="cat-count">(1)</span><span class="cat-count accessibility">(1items)</span></a> </li>
                                    <li> <a href="http://shop.coles.com.au/online/SearchDisplay?searchTermScope=&amp;multiSearch=&amp;searchType=2&amp;maxPrice=&amp;showResultsPage=true&amp;langId=-1&amp;beginIndex=0&amp;sType=SimpleSearch&amp;metaData=&amp;browseView=false&amp;manufacturer=&amp;resultCatEntryType=&amp;catalogId=10576&amp;pageView=image&amp;searchTerm=smiths&amp;minPrice=&amp;urlLangId=-1&amp;categoryId=25578&amp;storeId=10601" name="type-Category" title=""><span class="cat-facet">International Foods</span>&nbsp;<span role="presentation" aria-hidden="true" class="cat-count">(1)</span><span class="cat-count accessibility">(1items)</span></a> </li>
                                    <li> <a href="http://shop.coles.com.au/online/SearchDisplay?searchTermScope=&amp;multiSearch=&amp;searchType=2&amp;maxPrice=&amp;showResultsPage=true&amp;langId=-1&amp;beginIndex=0&amp;sType=SimpleSearch&amp;metaData=&amp;browseView=false&amp;manufacturer=&amp;resultCatEntryType=&amp;catalogId=10576&amp;pageView=image&amp;searchTerm=smiths&amp;minPrice=&amp;urlLangId=-1&amp;categoryId=25720&amp;storeId=10601" name="type-Category" title=""><span class="cat-facet">All Drinks</span>&nbsp;<span role="presentation" aria-hidden="true" class="cat-count">(1)</span><span class="cat-count accessibility">(1items)</span></a> </li>
                                    <li> <a href="http://shop.coles.com.au/online/SearchDisplay?searchTermScope=&amp;multiSearch=&amp;searchType=2&amp;maxPrice=&amp;showResultsPage=true&amp;langId=-1&amp;beginIndex=0&amp;sType=SimpleSearch&amp;metaData=&amp;browseView=false&amp;manufacturer=&amp;resultCatEntryType=&amp;catalogId=10576&amp;pageView=image&amp;searchTerm=smiths&amp;minPrice=&amp;urlLangId=-1&amp;categoryId=25835&amp;storeId=10601" name="type-Category" title=""><span class="cat-facet">Breakfast</span>&nbsp;<span role="presentation" aria-hidden="true" class="cat-count">(1)</span><span class="cat-count accessibility">(1items)</span></a> </li>
                                    <li><a href="#" class="more" data-hidden-facets="{&quot;type&quot;:&quot;Category&quot;,&quot;facets&quot;:[{&quot;url&quot;:&quot;http://shop.coles.com.au/online/SearchDisplay?searchTermScope=&amp;multiSearch=&amp;searchType=2&amp;maxPrice=&amp;showResultsPage=true&amp;langId=-1&amp;beginIndex=0&amp;sType=SimpleSearch&amp;metaData=&amp;browseView=false&amp;manufacturer=&amp;resultCatEntryType=&amp;catalogId=10576&amp;pageView=image&amp;searchTerm=smiths&amp;minPrice=&amp;urlLangId=-1&amp;categoryId=25927&amp;storeId=10601&quot;,&quot;name&quot;:&quot;Sauces&quot;,&quot;count&quot;:&quot;1&quot;,&quot;className&quot;:&quot;&quot;},{&quot;url&quot;:&quot;http://shop.coles.com.au/online/SearchDisplay?searchTermScope=&amp;multiSearch=&amp;searchType=2&amp;maxPrice=&amp;showResultsPage=true&amp;langId=-1&amp;beginIndex=0&amp;sType=SimpleSearch&amp;metaData=&amp;browseView=false&amp;manufacturer=&amp;resultCatEntryType=&amp;catalogId=10576&amp;pageView=image&amp;searchTerm=smiths&amp;minPrice=&amp;urlLangId=-1&amp;categoryId=25982&amp;storeId=10601&quot;,&quot;name&quot;:&quot;Condiments&quot;,&quot;count&quot;:&quot;5&quot;,&quot;className&quot;:&quot;&quot;},{&quot;url&quot;:&quot;http://shop.coles.com.au/online/SearchDisplay?searchTermScope=&amp;multiSearch=&amp;searchType=2&amp;maxPrice=&amp;showResultsPage=true&amp;langId=-1&amp;beginIndex=0&amp;sType=SimpleSearch&amp;metaData=&amp;browseView=false&amp;manufacturer=&amp;resultCatEntryType=&amp;catalogId=10576&amp;pageView=image&amp;searchTerm=smiths&amp;minPrice=&amp;urlLangId=-1&amp;categoryId=25991&amp;storeId=10601&quot;,&quot;name&quot;:&quot;Snacks&quot;,&quot;count&quot;:&quot;31&quot;,&quot;className&quot;:&quot;&quot;},{&quot;url&quot;:&quot;http://shop.coles.com.au/online/SearchDisplay?searchTermScope=&amp;multiSearch=&amp;searchType=2&amp;maxPrice=&amp;showResultsPage=true&amp;langId=-1&amp;beginIndex=0&amp;sType=SimpleSearch&amp;metaData=&amp;browseView=false&amp;manufacturer=&amp;resultCatEntryType=&amp;catalogId=10576&amp;pageView=image&amp;searchTerm=smiths&amp;minPrice=&amp;urlLangId=-1&amp;categoryId=27440&amp;storeId=10601&quot;,&quot;name&quot;:&quot;Jams &amp; Spreads&quot;,&quot;count&quot;:&quot;5&quot;,&quot;className&quot;:&quot;&quot;},{&quot;url&quot;:&quot;http://shop.coles.com.au/online/SearchDisplay?searchTermScope=&amp;multiSearch=&amp;searchType=2&amp;maxPrice=&amp;showResultsPage=true&amp;langId=-1&amp;beginIndex=0&amp;sType=SimpleSearch&amp;metaData=&amp;browseView=false&amp;manufacturer=&amp;resultCatEntryType=&amp;catalogId=10576&amp;pageView=image&amp;searchTerm=smiths&amp;minPrice=&amp;urlLangId=-1&amp;categoryId=27642&amp;storeId=10601&quot;,&quot;name&quot;:&quot;Cereals&quot;,&quot;count&quot;:&quot;1&quot;,&quot;className&quot;:&quot;&quot;},{&quot;url&quot;:&quot;http://shop.coles.com.au/online/SearchDisplay?searchTermScope=&amp;multiSearch=&amp;searchType=2&amp;maxPrice=&amp;showResultsPage=true&amp;langId=-1&amp;beginIndex=0&amp;sType=SimpleSearch&amp;metaData=&amp;browseView=false&amp;manufacturer=&amp;resultCatEntryType=&amp;catalogId=10576&amp;pageView=image&amp;searchTerm=smiths&amp;minPrice=&amp;urlLangId=-1&amp;categoryId=27918&amp;storeId=10601&quot;,&quot;name&quot;:&quot;Tomato &amp; BBQ&quot;,&quot;count&quot;:&quot;1&quot;,&quot;className&quot;:&quot;&quot;},{&quot;url&quot;:&quot;http://shop.coles.com.au/online/SearchDisplay?searchTermScope=&amp;multiSearch=&amp;searchType=2&amp;maxPrice=&amp;showResultsPage=true&amp;langId=-1&amp;beginIndex=0&amp;sType=SimpleSearch&amp;metaData=&amp;browseView=false&amp;manufacturer=&amp;resultCatEntryType=&amp;catalogId=10576&amp;pageView=image&amp;searchTerm=smiths&amp;minPrice=&amp;urlLangId=-1&amp;categoryId=28218&amp;storeId=10601&quot;,&quot;name&quot;:&quot;Potato Chips&quot;,&quot;count&quot;:&quot;31&quot;,&quot;className&quot;:&quot;&quot;},{&quot;url&quot;:&quot;http://shop.coles.com.au/online/SearchDisplay?searchTermScope=&amp;multiSearch=&amp;searchType=2&amp;maxPrice=&amp;showResultsPage=true&amp;langId=-1&amp;beginIndex=0&amp;sType=SimpleSearch&amp;metaData=&amp;browseView=false&amp;manufacturer=&amp;resultCatEntryType=&amp;catalogId=10576&amp;pageView=image&amp;searchTerm=smiths&amp;minPrice=&amp;urlLangId=-1&amp;categoryId=449563&amp;storeId=10601&quot;,&quot;name&quot;:&quot;Fruit &amp; Vegetables&quot;,&quot;count&quot;:&quot;2&quot;,&quot;className&quot;:&quot;&quot;},{&quot;url&quot;:&quot;http://shop.coles.com.au/online/SearchDisplay?searchTermScope=&amp;multiSearch=&amp;searchType=2&amp;maxPrice=&amp;showResultsPage=true&amp;langId=-1&amp;beginIndex=0&amp;sType=SimpleSearch&amp;metaData=&amp;browseView=false&amp;manufacturer=&amp;resultCatEntryType=&amp;catalogId=10576&amp;pageView=image&amp;searchTerm=smiths&amp;minPrice=&amp;urlLangId=-1&amp;categoryId=449649&amp;storeId=10601&quot;,&quot;name&quot;:&quot;Fruit&quot;,&quot;count&quot;:&quot;2&quot;,&quot;className&quot;:&quot;&quot;},{&quot;url&quot;:&quot;http://shop.coles.com.au/online/SearchDisplay?searchTermScope=&amp;multiSearch=&amp;searchType=2&amp;maxPrice=&amp;showResultsPage=true&amp;langId=-1&amp;beginIndex=0&amp;sType=SimpleSearch&amp;metaData=&amp;browseView=false&amp;manufacturer=&amp;resultCatEntryType=&amp;catalogId=10576&amp;pageView=image&amp;searchTerm=smiths&amp;minPrice=&amp;urlLangId=-1&amp;categoryId=450328&amp;storeId=10601&quot;,&quot;name&quot;:&quot;Apples&quot;,&quot;count&quot;:&quot;2&quot;,&quot;className&quot;:&quot;&quot;}]}" title="View other types">+ view 10 other types</a></li>
                                </ul> </li>
                            <li role="presentation"> <h3>Brand</h3> <a class="2" href="http://shop.coles.com.au/online/SearchDisplay?multiSearch=&amp;searchSource=&amp;showResultsPage=true&amp;langId=-1&amp;beginIndex=0&amp;sType=SimpleSearch&amp;browseView=false&amp;pageSize=100&amp;resultCatEntryType=&amp;catalogId=10576&amp;pageView=image&amp;searchTerm=smiths&amp;storeId=10601" name="type-Brand" title=""><span class="cat-facet">Show all</span>&nbsp;<span role="presentation" aria-hidden="true" class="cat-count">(41)</span><span class="cat-count accessibility">(41items)</span></a>
                                <ul>
                                    <li> <a href="http://shop.coles.com.au/online/SearchDisplay?searchTermScope=&amp;multiSearch=&amp;searchType=2&amp;maxPrice=&amp;showResultsPage=true&amp;langId=-1&amp;beginIndex=0&amp;sType=SimpleSearch&amp;metaData=&amp;browseView=false&amp;manufacturer=&amp;resultCatEntryType=&amp;catalogId=10576&amp;pageView=image&amp;searchTerm=smiths&amp;facet=mfName_ntk_cs%253A%2522Coles%2BFresh%2522&amp;minPrice=&amp;storeId=10601" name="type-Brand" title=""><span class="cat-facet">Coles Fresh</span>&nbsp;<span role="presentation" aria-hidden="true" class="cat-count">(2)</span><span class="cat-count accessibility">(2items)</span></a> </li>
                                    <li> <a href="http://shop.coles.com.au/online/SearchDisplay?searchTermScope=&amp;multiSearch=&amp;searchType=2&amp;maxPrice=&amp;showResultsPage=true&amp;langId=-1&amp;beginIndex=0&amp;sType=SimpleSearch&amp;metaData=&amp;browseView=false&amp;manufacturer=&amp;resultCatEntryType=&amp;catalogId=10576&amp;pageView=image&amp;searchTerm=smiths&amp;facet=mfName_ntk_cs%253A%2522Dick%2BSmith%2522&amp;minPrice=&amp;storeId=10601" name="type-Brand" title=""><span class="cat-facet">Dick Smith</span>&nbsp;<span role="presentation" aria-hidden="true" class="cat-count">(7)</span><span class="cat-count accessibility">(7items)</span></a> </li>
                                    <li> <a href="http://shop.coles.com.au/online/SearchDisplay?searchTermScope=&amp;multiSearch=&amp;searchType=2&amp;maxPrice=&amp;showResultsPage=true&amp;langId=-1&amp;beginIndex=0&amp;sType=SimpleSearch&amp;metaData=&amp;browseView=false&amp;manufacturer=&amp;resultCatEntryType=&amp;catalogId=10576&amp;pageView=image&amp;searchTerm=smiths&amp;facet=mfName_ntk_cs%253A%2522Preshafruit%2522&amp;minPrice=&amp;storeId=10601" name="type-Brand" title=""><span class="cat-facet">Preshafruit</span>&nbsp;<span role="presentation" aria-hidden="true" class="cat-count">(1)</span><span class="cat-count accessibility">(1items)</span></a> </li>
                                    <li> <a href="http://shop.coles.com.au/online/SearchDisplay?searchTermScope=&amp;multiSearch=&amp;searchType=2&amp;maxPrice=&amp;showResultsPage=true&amp;langId=-1&amp;beginIndex=0&amp;sType=SimpleSearch&amp;metaData=&amp;browseView=false&amp;manufacturer=&amp;resultCatEntryType=&amp;catalogId=10576&amp;pageView=image&amp;searchTerm=smiths&amp;facet=mfName_ntk_cs%253A%2522Smith%2527s%2522&amp;minPrice=&amp;storeId=10601" name="type-Brand" title=""><span class="cat-facet">Smith's</span>&nbsp;<span role="presentation" aria-hidden="true" class="cat-count">(25)</span><span class="cat-count accessibility">(25items)</span></a> </li>
                                    <li> <a href="http://shop.coles.com.au/online/SearchDisplay?searchTermScope=&amp;multiSearch=&amp;searchType=2&amp;maxPrice=&amp;showResultsPage=true&amp;langId=-1&amp;beginIndex=0&amp;sType=SimpleSearch&amp;metaData=&amp;browseView=false&amp;manufacturer=&amp;resultCatEntryType=&amp;catalogId=10576&amp;pageView=image&amp;searchTerm=smiths&amp;facet=mfName_ntk_cs%253A%2522Smiths%2522&amp;minPrice=&amp;storeId=10601" name="type-Brand" title=""><span class="cat-facet">Smiths</span>&nbsp;<span role="presentation" aria-hidden="true" class="cat-count">(5)</span><span class="cat-count accessibility">(5items)</span></a> </li>
                                    <li> <a href="http://shop.coles.com.au/online/SearchDisplay?searchTermScope=&amp;multiSearch=&amp;searchType=2&amp;maxPrice=&amp;showResultsPage=true&amp;langId=-1&amp;beginIndex=0&amp;sType=SimpleSearch&amp;metaData=&amp;browseView=false&amp;manufacturer=&amp;resultCatEntryType=&amp;catalogId=10576&amp;pageView=image&amp;searchTerm=smiths&amp;facet=mfName_ntk_cs%253A%2522Smiths%2BCrinkle%2BChips%2522&amp;minPrice=&amp;storeId=10601" name="type-Brand" title=""><span class="cat-facet">Smiths Crinkle Chips</span>&nbsp;<span role="presentation" aria-hidden="true" class="cat-count">(1)</span><span class="cat-count accessibility">(1items)</span></a> </li>
                                </ul> </li>
                            <li role="presentation"> <h3>Type</h3> <a class="2" href="http://shop.coles.com.au/online/SearchDisplay?multiSearch=&amp;searchSource=&amp;showResultsPage=true&amp;langId=-1&amp;beginIndex=0&amp;sType=SimpleSearch&amp;browseView=false&amp;pageSize=100&amp;resultCatEntryType=&amp;catalogId=10576&amp;pageView=image&amp;searchTerm=smiths&amp;storeId=10601" name="type-Type" title=""><span class="cat-facet">Show all</span>&nbsp;<span role="presentation" aria-hidden="true" class="cat-count">(41)</span><span class="cat-count accessibility">(41items)</span></a>
                                <ul>
                                    <li> <a href="http://shop.coles.com.au/online/SearchDisplay?searchTermScope=&amp;multiSearch=&amp;searchType=2&amp;maxPrice=&amp;showResultsPage=true&amp;langId=-1&amp;beginIndex=0&amp;sType=SimpleSearch&amp;metaData=&amp;browseView=false&amp;manufacturer=&amp;resultCatEntryType=&amp;catalogId=10576&amp;pageView=image&amp;searchTerm=smiths&amp;facet=ads_f8_ntk_cs%253A%2522Potato%2BChips%2522&amp;minPrice=&amp;storeId=10601" name="type-Type" title=""><span class="cat-facet">Potato Chips</span>&nbsp;<span role="presentation" aria-hidden="true" class="cat-count">(5)</span><span class="cat-count accessibility">(5items)</span></a> </li>
                                    <li> <a href="http://shop.coles.com.au/online/SearchDisplay?searchTermScope=&amp;multiSearch=&amp;searchType=2&amp;maxPrice=&amp;showResultsPage=true&amp;langId=-1&amp;beginIndex=0&amp;sType=SimpleSearch&amp;metaData=&amp;browseView=false&amp;manufacturer=&amp;resultCatEntryType=&amp;catalogId=10576&amp;pageView=image&amp;searchTerm=smiths&amp;facet=ads_f8_ntk_cs%253A%2522Cheese%2BChips%2522&amp;minPrice=&amp;storeId=10601" name="type-Type" title=""><span class="cat-facet">Cheese Chips</span>&nbsp;<span role="presentation" aria-hidden="true" class="cat-count">(4)</span><span class="cat-count accessibility">(4items)</span></a> </li>
                                    <li> <a href="http://shop.coles.com.au/online/SearchDisplay?searchTermScope=&amp;multiSearch=&amp;searchType=2&amp;maxPrice=&amp;showResultsPage=true&amp;langId=-1&amp;beginIndex=0&amp;sType=SimpleSearch&amp;metaData=&amp;browseView=false&amp;manufacturer=&amp;resultCatEntryType=&amp;catalogId=10576&amp;pageView=image&amp;searchTerm=smiths&amp;facet=ads_f8_ntk_cs%253A%2522Multi-Grain%2BChips%2522&amp;minPrice=&amp;storeId=10601" name="type-Type" title=""><span class="cat-facet">Multi-Grain Chips</span>&nbsp;<span role="presentation" aria-hidden="true" class="cat-count">(4)</span><span class="cat-count accessibility">(4items)</span></a> </li>
                                    <li> <a href="http://shop.coles.com.au/online/SearchDisplay?searchTermScope=&amp;multiSearch=&amp;searchType=2&amp;maxPrice=&amp;showResultsPage=true&amp;langId=-1&amp;beginIndex=0&amp;sType=SimpleSearch&amp;metaData=&amp;browseView=false&amp;manufacturer=&amp;resultCatEntryType=&amp;catalogId=10576&amp;pageView=image&amp;searchTerm=smiths&amp;facet=ads_f8_ntk_cs%253A%2522Salt%2B%2526%2BVinegar%2BChips%2522&amp;minPrice=&amp;storeId=10601" name="type-Type" title=""><span class="cat-facet">Salt &amp; Vinegar Chips</span>&nbsp;<span role="presentation" aria-hidden="true" class="cat-count">(3)</span><span class="cat-count accessibility">(3items)</span></a> </li>
                                    <li> <a href="http://shop.coles.com.au/online/SearchDisplay?searchTermScope=&amp;multiSearch=&amp;searchType=2&amp;maxPrice=&amp;showResultsPage=true&amp;langId=-1&amp;beginIndex=0&amp;sType=SimpleSearch&amp;metaData=&amp;browseView=false&amp;manufacturer=&amp;resultCatEntryType=&amp;catalogId=10576&amp;pageView=image&amp;searchTerm=smiths&amp;facet=ads_f8_ntk_cs%253A%2522Green%2BApples%2522&amp;minPrice=&amp;storeId=10601" name="type-Type" title=""><span class="cat-facet">Green Apples</span>&nbsp;<span role="presentation" aria-hidden="true" class="cat-count">(2)</span><span class="cat-count accessibility">(2items)</span></a> </li>
                                    <li> <a href="http://shop.coles.com.au/online/SearchDisplay?searchTermScope=&amp;multiSearch=&amp;searchType=2&amp;maxPrice=&amp;showResultsPage=true&amp;langId=-1&amp;beginIndex=0&amp;sType=SimpleSearch&amp;metaData=&amp;browseView=false&amp;manufacturer=&amp;resultCatEntryType=&amp;catalogId=10576&amp;pageView=image&amp;searchTerm=smiths&amp;facet=ads_f8_ntk_cs%253A%2522Peanut%2BButter%2522&amp;minPrice=&amp;storeId=10601" name="type-Type" title=""><span class="cat-facet">Peanut Butter</span>&nbsp;<span role="presentation" aria-hidden="true" class="cat-count">(2)</span><span class="cat-count accessibility">(2items)</span></a> </li>
                                    <li> <a href="http://shop.coles.com.au/online/SearchDisplay?searchTermScope=&amp;multiSearch=&amp;searchType=2&amp;maxPrice=&amp;showResultsPage=true&amp;langId=-1&amp;beginIndex=0&amp;sType=SimpleSearch&amp;metaData=&amp;browseView=false&amp;manufacturer=&amp;resultCatEntryType=&amp;catalogId=10576&amp;pageView=image&amp;searchTerm=smiths&amp;facet=ads_f8_ntk_cs%253A%2522BBQ%2BChips%2522&amp;minPrice=&amp;storeId=10601" name="type-Type" title=""><span class="cat-facet">BBQ Chips</span>&nbsp;<span role="presentation" aria-hidden="true" class="cat-count">(1)</span><span class="cat-count accessibility">(1items)</span></a> </li>
                                    <li> <a href="http://shop.coles.com.au/online/SearchDisplay?searchTermScope=&amp;multiSearch=&amp;searchType=2&amp;maxPrice=&amp;showResultsPage=true&amp;langId=-1&amp;beginIndex=0&amp;sType=SimpleSearch&amp;metaData=&amp;browseView=false&amp;manufacturer=&amp;resultCatEntryType=&amp;catalogId=10576&amp;pageView=image&amp;searchTerm=smiths&amp;facet=ads_f8_ntk_cs%253A%2522Chicken%2BChips%2522&amp;minPrice=&amp;storeId=10601" name="type-Type" title=""><span class="cat-facet">Chicken Chips</span>&nbsp;<span role="presentation" aria-hidden="true" class="cat-count">(1)</span><span class="cat-count accessibility">(1items)</span></a> </li>
                                    <li> <a href="http://shop.coles.com.au/online/SearchDisplay?searchTermScope=&amp;multiSearch=&amp;searchType=2&amp;maxPrice=&amp;showResultsPage=true&amp;langId=-1&amp;beginIndex=0&amp;sType=SimpleSearch&amp;metaData=&amp;browseView=false&amp;manufacturer=&amp;resultCatEntryType=&amp;catalogId=10576&amp;pageView=image&amp;searchTerm=smiths&amp;facet=ads_f8_ntk_cs%253A%2522Marmalade%2BJam%2522&amp;minPrice=&amp;storeId=10601" name="type-Type" title=""><span class="cat-facet">Marmalade Jam</span>&nbsp;<span role="presentation" aria-hidden="true" class="cat-count">(1)</span><span class="cat-count accessibility">(1items)</span></a> </li>
                                    <li> <a href="http://shop.coles.com.au/online/SearchDisplay?searchTermScope=&amp;multiSearch=&amp;searchType=2&amp;maxPrice=&amp;showResultsPage=true&amp;langId=-1&amp;beginIndex=0&amp;sType=SimpleSearch&amp;metaData=&amp;browseView=false&amp;manufacturer=&amp;resultCatEntryType=&amp;catalogId=10576&amp;pageView=image&amp;searchTerm=smiths&amp;facet=ads_f8_ntk_cs%253A%2522Mixed%2BGrain%2BCereals%2522&amp;minPrice=&amp;storeId=10601" name="type-Type" title=""><span class="cat-facet">Mixed Grain Cereals</span>&nbsp;<span role="presentation" aria-hidden="true" class="cat-count">(1)</span><span class="cat-count accessibility">(1items)</span></a> </li>
                                    <li><a href="#" class="more" data-hidden-facets="{&quot;type&quot;:&quot;Type&quot;,&quot;facets&quot;:[{&quot;url&quot;:&quot;http://shop.coles.com.au/online/SearchDisplay?searchTermScope=&amp;multiSearch=&amp;searchType=2&amp;maxPrice=&amp;showResultsPage=true&amp;langId=-1&amp;beginIndex=0&amp;sType=SimpleSearch&amp;metaData=&amp;browseView=false&amp;manufacturer=&amp;resultCatEntryType=&amp;catalogId=10576&amp;pageView=image&amp;searchTerm=smiths&amp;facet=ads_f8_ntk_cs%253A%2522Sour%2BCream%2BChips%2522&amp;minPrice=&amp;storeId=10601&quot;,&quot;name&quot;:&quot;Sour Cream Chips&quot;,&quot;count&quot;:&quot;1&quot;,&quot;className&quot;:&quot;&quot;},{&quot;url&quot;:&quot;http://shop.coles.com.au/online/SearchDisplay?searchTermScope=&amp;multiSearch=&amp;searchType=2&amp;maxPrice=&amp;showResultsPage=true&amp;langId=-1&amp;beginIndex=0&amp;sType=SimpleSearch&amp;metaData=&amp;browseView=false&amp;manufacturer=&amp;resultCatEntryType=&amp;catalogId=10576&amp;pageView=image&amp;searchTerm=smiths&amp;facet=ads_f8_ntk_cs%253A%2522Specialty%2BJuice%2522&amp;minPrice=&amp;storeId=10601&quot;,&quot;name&quot;:&quot;Specialty Juice&quot;,&quot;count&quot;:&quot;1&quot;,&quot;className&quot;:&quot;&quot;},{&quot;url&quot;:&quot;http://shop.coles.com.au/online/SearchDisplay?searchTermScope=&amp;multiSearch=&amp;searchType=2&amp;maxPrice=&amp;showResultsPage=true&amp;langId=-1&amp;beginIndex=0&amp;sType=SimpleSearch&amp;metaData=&amp;browseView=false&amp;manufacturer=&amp;resultCatEntryType=&amp;catalogId=10576&amp;pageView=image&amp;searchTerm=smiths&amp;facet=ads_f8_ntk_cs%253A%2522Strawberry%2BJam%2522&amp;minPrice=&amp;storeId=10601&quot;,&quot;name&quot;:&quot;Strawberry Jam&quot;,&quot;count&quot;:&quot;1&quot;,&quot;className&quot;:&quot;&quot;},{&quot;url&quot;:&quot;http://shop.coles.com.au/online/SearchDisplay?searchTermScope=&amp;multiSearch=&amp;searchType=2&amp;maxPrice=&amp;showResultsPage=true&amp;langId=-1&amp;beginIndex=0&amp;sType=SimpleSearch&amp;metaData=&amp;browseView=false&amp;manufacturer=&amp;resultCatEntryType=&amp;catalogId=10576&amp;pageView=image&amp;searchTerm=smiths&amp;facet=ads_f8_ntk_cs%253A%2522Tomato%2BSauce%2522&amp;minPrice=&amp;storeId=10601&quot;,&quot;name&quot;:&quot;Tomato Sauce&quot;,&quot;count&quot;:&quot;1&quot;,&quot;className&quot;:&quot;&quot;},{&quot;url&quot;:&quot;http://shop.coles.com.au/online/SearchDisplay?searchTermScope=&amp;multiSearch=&amp;searchType=2&amp;maxPrice=&amp;showResultsPage=true&amp;langId=-1&amp;beginIndex=0&amp;sType=SimpleSearch&amp;metaData=&amp;browseView=false&amp;manufacturer=&amp;resultCatEntryType=&amp;catalogId=10576&amp;pageView=image&amp;searchTerm=smiths&amp;facet=ads_f8_ntk_cs%253A%2522Variety%2BPacks%2522&amp;minPrice=&amp;storeId=10601&quot;,&quot;name&quot;:&quot;Variety Packs&quot;,&quot;count&quot;:&quot;1&quot;,&quot;className&quot;:&quot;&quot;},{&quot;url&quot;:&quot;http://shop.coles.com.au/online/SearchDisplay?searchTermScope=&amp;multiSearch=&amp;searchType=2&amp;maxPrice=&amp;showResultsPage=true&amp;langId=-1&amp;beginIndex=0&amp;sType=SimpleSearch&amp;metaData=&amp;browseView=false&amp;manufacturer=&amp;resultCatEntryType=&amp;catalogId=10576&amp;pageView=image&amp;searchTerm=smiths&amp;facet=ads_f8_ntk_cs%253A%2522Vegemite%2B%2526%2BYeast%2BSpreads%2522&amp;minPrice=&amp;storeId=10601&quot;,&quot;name&quot;:&quot;Vegemite &amp; Yeast Spreads&quot;,&quot;count&quot;:&quot;1&quot;,&quot;className&quot;:&quot;&quot;}]}" title="View other types">+ view 6 other types</a></li>
                                </ul> </li>
                            <li role="presentation"> <h3>Dietary</h3> <a class="2" href="http://shop.coles.com.au/online/SearchDisplay?multiSearch=&amp;searchSource=&amp;showResultsPage=true&amp;langId=-1&amp;beginIndex=0&amp;sType=SimpleSearch&amp;browseView=false&amp;pageSize=100&amp;resultCatEntryType=&amp;catalogId=10576&amp;pageView=image&amp;searchTerm=smiths&amp;storeId=10601" name="type-Dietary" title=""><span class="cat-facet">Show all</span>&nbsp;<span role="presentation" aria-hidden="true" class="cat-count">(41)</span><span class="cat-count accessibility">(41items)</span></a>
                                <ul>
                                    <li> <a href="http://shop.coles.com.au/online/SearchDisplay?searchTermScope=&amp;multiSearch=&amp;searchType=2&amp;maxPrice=&amp;showResultsPage=true&amp;langId=-1&amp;beginIndex=0&amp;sType=SimpleSearch&amp;metaData=&amp;browseView=false&amp;manufacturer=&amp;resultCatEntryType=&amp;catalogId=10576&amp;pageView=image&amp;searchTerm=smiths&amp;facet=ads_f3_ntk_cs%253A%2522No%2BPreservatives%2522&amp;minPrice=&amp;storeId=10601" name="type-Dietary" title=""><span class="cat-facet">No Preservatives</span>&nbsp;<span role="presentation" aria-hidden="true" class="cat-count">(10)</span><span class="cat-count accessibility">(10items)</span></a> </li>
                                    <li> <a href="http://shop.coles.com.au/online/SearchDisplay?searchTermScope=&amp;multiSearch=&amp;searchType=2&amp;maxPrice=&amp;showResultsPage=true&amp;langId=-1&amp;beginIndex=0&amp;sType=SimpleSearch&amp;metaData=&amp;browseView=false&amp;manufacturer=&amp;resultCatEntryType=&amp;catalogId=10576&amp;pageView=image&amp;searchTerm=smiths&amp;facet=ads_f3_ntk_cs%253A%2522No%2BArtificial%2BFlavours%2Bor%2BColours%2522&amp;minPrice=&amp;storeId=10601" name="type-Dietary" title=""><span class="cat-facet">No Artificial Flavours or Colours</span>&nbsp;<span role="presentation" aria-hidden="true" class="cat-count">(6)</span><span class="cat-count accessibility">(6items)</span></a> </li>
                                    <li> <a href="http://shop.coles.com.au/online/SearchDisplay?searchTermScope=&amp;multiSearch=&amp;searchType=2&amp;maxPrice=&amp;showResultsPage=true&amp;langId=-1&amp;beginIndex=0&amp;sType=SimpleSearch&amp;metaData=&amp;browseView=false&amp;manufacturer=&amp;resultCatEntryType=&amp;catalogId=10576&amp;pageView=image&amp;searchTerm=smiths&amp;facet=ads_f3_ntk_cs%253A%2522Cholesterol%2Bfree%2522&amp;minPrice=&amp;storeId=10601" name="type-Dietary" title=""><span class="cat-facet">Cholesterol free</span>&nbsp;<span role="presentation" aria-hidden="true" class="cat-count">(5)</span><span class="cat-count accessibility">(5items)</span></a> </li>
                                    <li> <a href="http://shop.coles.com.au/online/SearchDisplay?searchTermScope=&amp;multiSearch=&amp;searchType=2&amp;maxPrice=&amp;showResultsPage=true&amp;langId=-1&amp;beginIndex=0&amp;sType=SimpleSearch&amp;metaData=&amp;browseView=false&amp;manufacturer=&amp;resultCatEntryType=&amp;catalogId=10576&amp;pageView=image&amp;searchTerm=smiths&amp;facet=ads_f3_ntk_cs%253A%252297%2525%2BFat%2BFree%2522&amp;minPrice=&amp;storeId=10601" name="type-Dietary" title=""><span class="cat-facet">97% Fat Free</span>&nbsp;<span role="presentation" aria-hidden="true" class="cat-count">(1)</span><span class="cat-count accessibility">(1items)</span></a> </li>
                                    <li> <a href="http://shop.coles.com.au/online/SearchDisplay?searchTermScope=&amp;multiSearch=&amp;searchType=2&amp;maxPrice=&amp;showResultsPage=true&amp;langId=-1&amp;beginIndex=0&amp;sType=SimpleSearch&amp;metaData=&amp;browseView=false&amp;manufacturer=&amp;resultCatEntryType=&amp;catalogId=10576&amp;pageView=image&amp;searchTerm=smiths&amp;facet=ads_f3_ntk_cs%253A%2522Source%2Bof%2BDietary%2BFibre%2522&amp;minPrice=&amp;storeId=10601" name="type-Dietary" title=""><span class="cat-facet">Source of Dietary Fibre</span>&nbsp;<span role="presentation" aria-hidden="true" class="cat-count">(1)</span><span class="cat-count accessibility">(1items)</span></a> </li>
                                </ul> </li>
                            <li role="presentation"> <h3>Allergen</h3> <a class="2" href="http://shop.coles.com.au/online/SearchDisplay?multiSearch=&amp;searchSource=&amp;showResultsPage=true&amp;langId=-1&amp;beginIndex=0&amp;sType=SimpleSearch&amp;browseView=false&amp;pageSize=100&amp;resultCatEntryType=&amp;catalogId=10576&amp;pageView=image&amp;searchTerm=smiths&amp;storeId=10601" name="type-Allergen" title=""><span class="cat-facet">Show all</span>&nbsp;<span role="presentation" aria-hidden="true" class="cat-count">(41)</span><span class="cat-count accessibility">(41items)</span></a>
                                <ul>
                                    <li> <a href="http://shop.coles.com.au/online/SearchDisplay?searchTermScope=&amp;multiSearch=&amp;searchType=2&amp;maxPrice=&amp;showResultsPage=true&amp;langId=-1&amp;beginIndex=0&amp;sType=SimpleSearch&amp;metaData=&amp;browseView=false&amp;manufacturer=&amp;resultCatEntryType=&amp;catalogId=10576&amp;pageView=image&amp;searchTerm=smiths&amp;facet=ads_f2_ntk_cs%253A%2522Free%2Bfrom%2BArtificial%2BColours%2522&amp;minPrice=&amp;storeId=10601" name="type-Allergen" title=""><span class="cat-facet">Free from Artificial Colours</span>&nbsp;<span role="presentation" aria-hidden="true" class="cat-count">(11)</span><span class="cat-count accessibility">(11items)</span></a> </li>
                                    <li> <a href="http://shop.coles.com.au/online/SearchDisplay?searchTermScope=&amp;multiSearch=&amp;searchType=2&amp;maxPrice=&amp;showResultsPage=true&amp;langId=-1&amp;beginIndex=0&amp;sType=SimpleSearch&amp;metaData=&amp;browseView=false&amp;manufacturer=&amp;resultCatEntryType=&amp;catalogId=10576&amp;pageView=image&amp;searchTerm=smiths&amp;facet=ads_f2_ntk_cs%253A%2522Free%2Bfrom%2BArtificial%2BFlavours%2522&amp;minPrice=&amp;storeId=10601" name="type-Allergen" title=""><span class="cat-facet">Free from Artificial Flavours</span>&nbsp;<span role="presentation" aria-hidden="true" class="cat-count">(6)</span><span class="cat-count accessibility">(6items)</span></a> </li>
                                    <li> <a href="http://shop.coles.com.au/online/SearchDisplay?searchTermScope=&amp;multiSearch=&amp;searchType=2&amp;maxPrice=&amp;showResultsPage=true&amp;langId=-1&amp;beginIndex=0&amp;sType=SimpleSearch&amp;metaData=&amp;browseView=false&amp;manufacturer=&amp;resultCatEntryType=&amp;catalogId=10576&amp;pageView=image&amp;searchTerm=smiths&amp;facet=ads_f2_ntk_cs%253A%2522Cholesterol%2BFree%2522&amp;minPrice=&amp;storeId=10601" name="type-Allergen" title=""><span class="cat-facet">Cholesterol Free</span>&nbsp;<span role="presentation" aria-hidden="true" class="cat-count">(4)</span><span class="cat-count accessibility">(4items)</span></a> </li>
                                    <li> <a href="http://shop.coles.com.au/online/SearchDisplay?searchTermScope=&amp;multiSearch=&amp;searchType=2&amp;maxPrice=&amp;showResultsPage=true&amp;langId=-1&amp;beginIndex=0&amp;sType=SimpleSearch&amp;metaData=&amp;browseView=false&amp;manufacturer=&amp;resultCatEntryType=&amp;catalogId=10576&amp;pageView=image&amp;searchTerm=smiths&amp;facet=ads_f2_ntk_cs%253A%2522Free%2Bfrom%2BArtificial%2BPreservatives%2522&amp;minPrice=&amp;storeId=10601" name="type-Allergen" title=""><span class="cat-facet">Free from Artificial Preservatives</span>&nbsp;<span role="presentation" aria-hidden="true" class="cat-count">(4)</span><span class="cat-count accessibility">(4items)</span></a> </li>
                                    <li> <a href="http://shop.coles.com.au/online/SearchDisplay?searchTermScope=&amp;multiSearch=&amp;searchType=2&amp;maxPrice=&amp;showResultsPage=true&amp;langId=-1&amp;beginIndex=0&amp;sType=SimpleSearch&amp;metaData=&amp;browseView=false&amp;manufacturer=&amp;resultCatEntryType=&amp;catalogId=10576&amp;pageView=image&amp;searchTerm=smiths&amp;facet=ads_f2_ntk_cs%253A%2522Gluten%2BFree%2522&amp;minPrice=&amp;storeId=10601" name="type-Allergen" title=""><span class="cat-facet">Gluten Free</span>&nbsp;<span role="presentation" aria-hidden="true" class="cat-count">(2)</span><span class="cat-count accessibility">(2items)</span></a> </li>
                                </ul> </li>
                            <li role="presentation"> <h3>Environmental</h3> <a class="2" href="http://shop.coles.com.au/online/SearchDisplay?multiSearch=&amp;searchSource=&amp;showResultsPage=true&amp;langId=-1&amp;beginIndex=0&amp;sType=SimpleSearch&amp;browseView=false&amp;pageSize=100&amp;resultCatEntryType=&amp;catalogId=10576&amp;pageView=image&amp;searchTerm=smiths&amp;storeId=10601" name="type-Environmental" title=""><span class="cat-facet">Show all</span>&nbsp;<span role="presentation" aria-hidden="true" class="cat-count">(41)</span><span class="cat-count accessibility">(41items)</span></a>
                                <ul>
                                    <li> <a href="http://shop.coles.com.au/online/SearchDisplay?searchTermScope=&amp;multiSearch=&amp;searchType=2&amp;maxPrice=&amp;showResultsPage=true&amp;langId=-1&amp;beginIndex=0&amp;sType=SimpleSearch&amp;metaData=&amp;browseView=false&amp;manufacturer=&amp;resultCatEntryType=&amp;catalogId=10576&amp;pageView=image&amp;searchTerm=smiths&amp;facet=ads_f5_ntk_cs%253A%2522Australian%2BMade%2Band%2BOwned%2522&amp;minPrice=&amp;storeId=10601" name="type-Environmental" title=""><span class="cat-facet">Australian Made and Owned</span>&nbsp;<span role="presentation" aria-hidden="true" class="cat-count">(7)</span><span class="cat-count accessibility">(7items)</span></a> </li>
                                    <li> <a href="http://shop.coles.com.au/online/SearchDisplay?searchTermScope=&amp;multiSearch=&amp;searchType=2&amp;maxPrice=&amp;showResultsPage=true&amp;langId=-1&amp;beginIndex=0&amp;sType=SimpleSearch&amp;metaData=&amp;browseView=false&amp;manufacturer=&amp;resultCatEntryType=&amp;catalogId=10576&amp;pageView=image&amp;searchTerm=smiths&amp;facet=ads_f5_ntk_cs%253A%2522Australian%2BGrown%2522&amp;minPrice=&amp;storeId=10601" name="type-Environmental" title=""><span class="cat-facet">Australian Grown</span>&nbsp;<span role="presentation" aria-hidden="true" class="cat-count">(4)</span><span class="cat-count accessibility">(4items)</span></a> </li>
                                    <li> <a href="http://shop.coles.com.au/online/SearchDisplay?searchTermScope=&amp;multiSearch=&amp;searchType=2&amp;maxPrice=&amp;showResultsPage=true&amp;langId=-1&amp;beginIndex=0&amp;sType=SimpleSearch&amp;metaData=&amp;browseView=false&amp;manufacturer=&amp;resultCatEntryType=&amp;catalogId=10576&amp;pageView=image&amp;searchTerm=smiths&amp;facet=ads_f5_ntk_cs%253A%2522Recycled%2522&amp;minPrice=&amp;storeId=10601" name="type-Environmental" title=""><span class="cat-facet">Recycled</span>&nbsp;<span role="presentation" aria-hidden="true" class="cat-count">(2)</span><span class="cat-count accessibility">(2items)</span></a> </li>
                                </ul> </li>
                            <li role="presentation"> <h3>Lifestyle</h3> <a class="2" href="http://shop.coles.com.au/online/SearchDisplay?multiSearch=&amp;searchSource=&amp;showResultsPage=true&amp;langId=-1&amp;beginIndex=0&amp;sType=SimpleSearch&amp;browseView=false&amp;pageSize=100&amp;resultCatEntryType=&amp;catalogId=10576&amp;pageView=image&amp;searchTerm=smiths&amp;storeId=10601" name="type-Lifestyle" title=""><span class="cat-facet">Show all</span>&nbsp;<span role="presentation" aria-hidden="true" class="cat-count">(41)</span><span class="cat-count accessibility">(41items)</span></a>
                                <ul>
                                    <li> <a href="http://shop.coles.com.au/online/SearchDisplay?searchTermScope=&amp;multiSearch=&amp;searchType=2&amp;maxPrice=&amp;showResultsPage=true&amp;langId=-1&amp;beginIndex=0&amp;sType=SimpleSearch&amp;metaData=&amp;browseView=false&amp;manufacturer=&amp;resultCatEntryType=&amp;catalogId=10576&amp;pageView=image&amp;searchTerm=smiths&amp;facet=ads_f1_ntk_cs%253A%2522Halal%2522&amp;minPrice=&amp;storeId=10601" name="type-Lifestyle" title=""><span class="cat-facet">Halal</span>&nbsp;<span role="presentation" aria-hidden="true" class="cat-count">(1)</span><span class="cat-count accessibility">(1items)</span></a> </li>
                                </ul> </li>
                        </ul> </li>
                </ul>
                <button type="submit" class="hidden" title="Refine results">Refine results</button>
            </div>
        </div>
        <div id="searchResults" class="column-2">
            <div data-analytics="center-middle" class="genericESpot" style="width: 768px; min-height: 0px;">
                <p class="caption" style="display:none" id="WC_MarketProductContentAreaESpot_div_2_72851">[VENDOR_Marketing_1]</p>
            </div>
            <div class="list-view viewContainer clearfix searchEspot">
                <p id="skip-to-products" class="accessibility">Product list for smiths</p>
                <span class="available hidden"></span>
                <div class="outer-prod prodtile" data-refresh="{
					catalogId: &quot;10576&quot;,
					doInventory: &quot;N&quot;,
					fulfillmentCenterId: &quot;11576&quot;,
					forStoreId: &quot;10401&quot;,

					productDisplayURL: &quot;http://shop.coles.com.au/online/national/smiths-crinkle-cut-salt-vinegar-potato-chips&quot;
			}">
                    <form id="catEntryForm_445011" name="catEntryForm_445011" action="AjaxOrderChangeServiceItemAdd">
                        <div class="promo multiBuy " data-catentry="catEntry_445011" data-refresh="{
				addCalculationUsage: &quot;-1&quot;,
				langId: &quot;-1&quot;,
				storeId: &quot;10601&quot;,
				catEntryId: &quot;445011&quot;,
				catEntryName: &quot;Crinkle Cut Salt &amp; Vinegar Potato Chips&quot;,
				productView: &quot;list&quot;,
				productId: &quot;445011&quot;,
				itemId: &quot;445019&quot;,
				hideMultibuy: &quot;false&quot;,
                ticketType: &quot;M&quot;,
                partNumber: &quot;2358286&quot;,
                offerCode: &quot;20160224&quot;
		}">
                            <div class="wrapper clearfix">
                                <h4 class="accessibility" id="heading_445011" tabindex="-1"> Smith's&nbsp;Crinkle Cut Salt &amp; Vinegar Potato Chips&nbsp; 170g&nbsp; On special </h4>
                                <div class="offer-icon"></div>
                                <a role="presentation" aria-hidden="true" class="product-url" href="http://shop.coles.com.au/online/national/smiths-crinkle-cut-salt-vinegar-potato-chips"> <img role="presentation" aria-hidden="true" class="photo" src="/wcsstore/Coles-CAS/images/2/3/5/2358286-th.jpg" onerror="this.src='/wcsstore/ColesStorefrontAssetStore/dist/1c712c4fe3ca/images/spacer.gif'" alt="Crinkle Cut Salt &amp; Vinegar Potato Chips" width="110" height="110"> </a>
                                <div class="detail">
                                    <span role="presentation" aria-hidden="true" class="brand">Smith's</span>
                                    <span class="item" role="presentation" aria-hidden="true"> <a role="presentation" aria-hidden="true" class="product-url" href="http://shop.coles.com.au/online/national/smiths-crinkle-cut-salt-vinegar-potato-chips"> Crinkle Cut Salt &amp; Vinegar Potato Chips&nbsp; 170g </a> </span>
                                    <span class="size"> </span>
                                </div>
                                <div class="purchasing" data-promotion="{qualifier: &quot;2&quot;,promotionId: &quot;10110039&quot;,catEntryIds: &quot;10211,11206,12117,13807,14083,14530,16667,17765,17777,18813,18818,19869,20270,25042,47376,56111,57977,67235,67917,71980,72675,73291,73292,73783,74413,77541,78205,86563,87922,87923,89065,107116,182165,182272,182307,182398,182399,244526,244530,256528,256591,322001,322002,322005,346050,347583,411505,444507,444525,444526,445001,445002,445003,445004,445005,445006,445009,445010,445011,445012,454512,454525,454526,454527,520017&quot;}">
                                    <div class="offer-detail">
                                        2 for $5
                                    </div>
                                    <div class="offer-price">
                                        SAVE&nbsp;$2.02 / $1.47 per 100G
                                    </div>
                                    <div class="availability">
                                        Temporarily unavailable
                                    </div>
                                    <div class="offer-purchase">
                                        <button type="button" value="Choose any 2" class="btn-red action-addMultibuyToTrolley">Choose any 2</button>
                                    </div>
                                    <div class="or">
                                        <span>OR</span>
                                    </div>
                                    <div class="std-price">
                                        1 for $3.51&nbsp;/&nbsp;$2.06 per 100G
                                    </div>
                                    <div class="availability">
                                        Temporarily unavailable
                                    </div>
                                    <div class="std-purchase">
                                        <input type="number" title="Add Quantity for Smith's Crinkle Cut Salt &amp; Vinegar Potato Chips 170g" name="quantity" id="catEntry_445011_qty" value="1" maxlength="2" size="2" class="v-mandatory v-numeric v-minval-1">
                                        <button role="button" type="submit" title="Add to trolley&nbsp;Smith's Crinkle Cut Salt &amp; Vinegar Potato Chips 170g" class="btn-red action-addToTrolley"><span role="presentation" aria-hidden="true">Add to trolley</span></button>
                                    </div>
                                </div>
                                <div class="actions">
                                    <div class="MUItemForTrolleyDiv MUItemForTrolley_445019" data-catentry="445019">
                                        <div class="MUul_445019">
                                            <div class="MUli_445019 hidden" aria-hidden="true">
                                                <span class="inTrolley"><span class="MUSpan_445019">0</span> in trolley</span>
                                            </div>
                                        </div>
                                    </div>
                                    <p class="clear"></p>
                                    <div class="member-usuals-remove">
                                        <a href="#" class="action-removeFromUsuals usuals-remove">Remove from list <span class="accessibility">Smith's Crinkle Cut Salt &amp; Vinegar Potato Chips 170g</span></a>
                                    </div>
                                    <div class="list">
                                        <a href="#" class="action-addToList action-list-add">Add to list <span class="accessibility">Smith's Crinkle Cut Salt &amp; Vinegar Potato Chips 170g</span></a>
                                    </div>
                                    <div class="member-list-add">
                                        <a href="#" class="action-addToList action-list-add">Add to another list <span class="accessibility">Smith's Crinkle Cut Salt &amp; Vinegar Potato Chips 170g</span></a>
                                    </div>
                                    <div class="member-list-remove">
                                        <a href="#" class="action-removeFromList">Remove from list <span class="accessibility">Smith's Crinkle Cut Salt &amp; Vinegar Potato Chips 170g</span></a>
                                    </div>
                                    <div class="compareProd" role="presentation" aria-hidden="true">
                                        <a href="#" class="compare compare-add">Compare</a>
                                    </div>
                                    <a href="http://shop.coles.com.au/online/national/smiths-crinkle-cut-salt-vinegar-potato-chips" class="product-url accessibility">More details for Smith's&nbsp;Crinkle Cut Salt &amp; Vinegar Potato Chips</a>
                                </div>
                                <div role="presentation" aria-hidden="true" id="share" class="share" data-social="{productImgUrl:'http://shop.coles.com.au:27900/wcsstore/Coles-CAS/images/2/3/5/2358286-th.jpg'
	                                               ,productDisplayUrl:'http://shop.coles.com.au/online/national/smiths-crinkle-cut-salt-vinegar-potato-chips'
	                                               ,title:'Smith's Crinkle Cut Salt &amp; Vinegar Potato Chips '
	                                               ,description:''}">
                                </div>
                            </div>
                        </div>
                    </form>
                </div>
                <span class="available hidden"></span>
                <div class="outer-prod prodtile" data-refresh="{
					catalogId: &quot;10576&quot;,
					doInventory: &quot;N&quot;,
					fulfillmentCenterId: &quot;11576&quot;,
					forStoreId: &quot;10401&quot;,

					productDisplayURL: &quot;http://shop.coles.com.au/online/national/smiths-crinkle-cut-chicken-potato-chips&quot;
			}">
                    <form id="catEntryForm_445004" name="catEntryForm_445004" action="AjaxOrderChangeServiceItemAdd">
                        <div class="promo multiBuy " data-catentry="catEntry_445004" data-refresh="{
				addCalculationUsage: &quot;-1&quot;,
				langId: &quot;-1&quot;,
				storeId: &quot;10601&quot;,
				catEntryId: &quot;445004&quot;,
				catEntryName: &quot;Crinkle Cut Chicken Potato Chips&quot;,
				productView: &quot;list&quot;,
				productId: &quot;445004&quot;,
				itemId: &quot;445025&quot;,
				hideMultibuy: &quot;false&quot;,
                ticketType: &quot;M&quot;,
                partNumber: &quot;2358300&quot;,
                offerCode: &quot;20160224&quot;
		}">
                            <div class="wrapper clearfix">
                                <h4 class="accessibility" id="heading_445004" tabindex="-1"> Smith's&nbsp;Crinkle Cut Chicken Potato Chips&nbsp; 170g&nbsp; On special </h4>
                                <div class="offer-icon"></div>
                                <a role="presentation" aria-hidden="true" class="product-url" href="http://shop.coles.com.au/online/national/smiths-crinkle-cut-chicken-potato-chips"> <img role="presentation" aria-hidden="true" class="photo" src="/wcsstore/Coles-CAS/images/2/3/5/2358300-th.jpg" onerror="this.src='/wcsstore/ColesStorefrontAssetStore/dist/1c712c4fe3ca/images/spacer.gif'" alt="Crinkle Cut Chicken Potato Chips" width="110" height="110"> </a>
                                <div class="detail">
                                    <span role="presentation" aria-hidden="true" class="brand">Smith's</span>
                                    <span class="item" role="presentation" aria-hidden="true"> <a role="presentation" aria-hidden="true" class="product-url" href="http://shop.coles.com.au/online/national/smiths-crinkle-cut-chicken-potato-chips"> Crinkle Cut Chicken Potato Chips&nbsp; 170g </a> </span>
                                    <span class="size"> </span>
                                </div>
                                <div class="purchasing" data-promotion="{qualifier: &quot;2&quot;,promotionId: &quot;10110039&quot;,catEntryIds: &quot;10211,11206,12117,13807,14083,14530,16667,17765,17777,18813,18818,19869,20270,25042,47376,56111,57977,67235,67917,71980,72675,73291,73292,73783,74413,77541,78205,86563,87922,87923,89065,107116,182165,182272,182307,182398,182399,244526,244530,256528,256591,322001,322002,322005,346050,347583,411505,444507,444525,444526,445001,445002,445003,445004,445005,445006,445009,445010,445011,445012,454512,454525,454526,454527,520017&quot;}">
                                    <div class="offer-detail">
                                        2 for $5
                                    </div>
                                    <div class="offer-price">
                                        SAVE&nbsp;$2.02 / $1.47 per 100G
                                    </div>
                                    <div class="availability">
                                        Temporarily unavailable
                                    </div>
                                    <div class="offer-purchase">
                                        <button type="button" value="Choose any 2" class="btn-red action-addMultibuyToTrolley">Choose any 2</button>
                                    </div>
                                    <div class="or">
                                        <span>OR</span>
                                    </div>
                                    <div class="std-price">
                                        1 for $3.51&nbsp;/&nbsp;$2.06 per 100G
                                    </div>
                                    <div class="availability">
                                        Temporarily unavailable
                                    </div>
                                    <div class="std-purchase">
                                        <input type="number" title="Add Quantity for Smith's Crinkle Cut Chicken Potato Chips 170g" name="quantity" id="catEntry_445004_qty" value="1" maxlength="2" size="2" class="v-mandatory v-numeric v-minval-1">
                                        <button role="button" type="submit" title="Add to trolley&nbsp;Smith's Crinkle Cut Chicken Potato Chips 170g" class="btn-red action-addToTrolley"><span role="presentation" aria-hidden="true">Add to trolley</span></button>
                                    </div>
                                </div>
                                <div class="actions">
                                    <div class="MUItemForTrolleyDiv MUItemForTrolley_445025" data-catentry="445025">
                                        <div class="MUul_445025">
                                            <div class="MUli_445025 hidden" aria-hidden="true">
                                                <span class="inTrolley"><span class="MUSpan_445025">0</span> in trolley</span>
                                            </div>
                                        </div>
                                    </div>
                                    <p class="clear"></p>
                                    <div class="member-usuals-remove">
                                        <a href="#" class="action-removeFromUsuals usuals-remove">Remove from list <span class="accessibility">Smith's Crinkle Cut Chicken Potato Chips 170g</span></a>
                                    </div>
                                    <div class="list">
                                        <a href="#" class="action-addToList action-list-add">Add to list <span class="accessibility">Smith's Crinkle Cut Chicken Potato Chips 170g</span></a>
                                    </div>
                                    <div class="member-list-add">
                                        <a href="#" class="action-addToList action-list-add">Add to another list <span class="accessibility">Smith's Crinkle Cut Chicken Potato Chips 170g</span></a>
                                    </div>
                                    <div class="member-list-remove">
                                        <a href="#" class="action-removeFromList">Remove from list <span class="accessibility">Smith's Crinkle Cut Chicken Potato Chips 170g</span></a>
                                    </div>
                                    <div class="compareProd" role="presentation" aria-hidden="true">
                                        <a href="#" class="compare compare-add">Compare</a>
                                    </div>
                                    <a href="http://shop.coles.com.au/online/national/smiths-crinkle-cut-chicken-potato-chips" class="product-url accessibility">More details for Smith's&nbsp;Crinkle Cut Chicken Potato Chips</a>
                                </div>
                                <div role="presentation" aria-hidden="true" id="share" class="share" data-social="{productImgUrl:'http://shop.coles.com.au:27900/wcsstore/Coles-CAS/images/2/3/5/2358300-th.jpg'
	                                               ,productDisplayUrl:'http://shop.coles.com.au/online/national/smiths-crinkle-cut-chicken-potato-chips'
	                                               ,title:'Smith's Crinkle Cut Chicken Potato Chips '
	                                               ,description:''}">
                                </div>
                            </div>
                        </div>
                    </form>
                </div>
                <div class="espot marketed-eSpot">
                </div>
                <span class="available hidden"></span>
                <div class="outer-prod prodtile" data-refresh="{
					catalogId: &quot;10576&quot;,
					doInventory: &quot;N&quot;,
					fulfillmentCenterId: &quot;11576&quot;,
					forStoreId: &quot;10401&quot;,

					productDisplayURL: &quot;http://shop.coles.com.au/online/national/smiths-twisties-zig-zag&quot;
			}">
                    <form id="catEntryForm_417557" name="catEntryForm_417557" action="AjaxOrderChangeServiceItemAdd">
                        <div class=" " data-catentry="catEntry_417557" data-refresh="{
				addCalculationUsage: &quot;-1&quot;,
				langId: &quot;-1&quot;,
				storeId: &quot;10601&quot;,
				catEntryId: &quot;417557&quot;,
				catEntryName: &quot;Twisties Zig Zag&quot;,
				productView: &quot;list&quot;,
				productId: &quot;417557&quot;,
				itemId: &quot;417627&quot;,
				hideMultibuy: &quot;false&quot;,
                ticketType: &quot;&quot;,
                partNumber: &quot;2062122&quot;,
                offerCode: &quot;20160302&quot;
		}">
                            <div class="wrapper clearfix">
                                <h4 class="accessibility" id="heading_417557" tabindex="-1"> Smiths&nbsp;Twisties Zig Zag&nbsp; 100g&nbsp; </h4>
                                <div class="offer-icon"></div>
                                <a role="presentation" aria-hidden="true" class="product-url" href="http://shop.coles.com.au/online/national/smiths-twisties-zig-zag"> <img role="presentation" aria-hidden="true" class="photo" src="/wcsstore/Coles-CAS/images/2/0/6/2062122-th.jpg" onerror="this.src='/wcsstore/ColesStorefrontAssetStore/dist/1c712c4fe3ca/images/spacer.gif'" alt="Twisties Zig Zag" width="110" height="110"> </a>
                                <div class="detail">
                                    <span role="presentation" aria-hidden="true" class="brand">Smiths</span>
                                    <span class="item" role="presentation" aria-hidden="true"> <a role="presentation" aria-hidden="true" class="product-url" href="http://shop.coles.com.au/online/national/smiths-twisties-zig-zag"> Twisties Zig Zag&nbsp; 100g </a> </span>
                                    <span class="size"> </span>
                                </div>
                                <div class="purchasing">
                                    <div class="saving">
                                    </div>
                                    <div class="price">
                                        <span class="accessibility">Purchase price </span>
                                        <small>$</small>2.30
                                    </div>
                                    <div class="unit-price">
                                        <span class="accessibility">Unit price </span>$2.30 per 100G
                                    </div>
                                    <div class="special-offer">
                                    </div>
                                    <div class="availability">
                                        Temporarily unavailable
                                    </div>
                                    <div class="purchase">
                                        <input type="number" title="Add Quantity for Smiths Twisties Zig Zag 100g" name="quantity" id="catEntry_417557_qty" value="1" maxlength="2" size="2" class="v-mandatory v-numeric v-minval-1">
                                        <button role="button" type="submit" title="Add to trolley&nbsp;Smiths Twisties Zig Zag 100g" class="btn-red action-addToTrolley"><span role="presentation" aria-hidden="true">Add to trolley</span></button>
                                    </div>
                                </div>
                                <div class="lists">
                                </div>
                                <div class="actions">
                                    <div class="MUItemForTrolleyDiv MUItemForTrolley_417627" data-catentry="417627">
                                        <div class="MUul_417627">
                                            <div class="MUli_417627 hidden" aria-hidden="true">
                                                <span class="inTrolley"><span class="MUSpan_417627">0</span> in trolley</span>
                                            </div>
                                        </div>
                                    </div>
                                    <p class="clear"></p>
                                    <div class="member-usuals-remove">
                                        <a href="#" class="action-removeFromUsuals usuals-remove">Remove from list <span class="accessibility">Smiths Twisties Zig Zag 100g</span></a>
                                    </div>
                                    <div class="list">
                                        <a href="#" class="action-addToList action-list-add">Add to list <span class="accessibility">Smiths Twisties Zig Zag 100g</span></a>
                                    </div>
                                    <div class="member-list-add">
                                        <a href="#" class="action-addToList action-list-add">Add to another list <span class="accessibility">Smiths Twisties Zig Zag 100g</span></a>
                                    </div>
                                    <div class="member-list-remove">
                                        <a href="#" class="action-removeFromList">Remove from list <span class="accessibility">Smiths Twisties Zig Zag 100g</span></a>
                                    </div>
                                    <div class="compareProd" role="presentation" aria-hidden="true">
                                        <a href="#" class="compare compare-add">Compare</a>
                                    </div>
                                    <a href="http://shop.coles.com.au/online/national/smiths-twisties-zig-zag" class="product-url accessibility">More details for Smiths&nbsp;Twisties Zig Zag</a>
                                </div>
                                <div role="presentation" aria-hidden="true" id="share" class="share" data-social="{productImgUrl:'http://shop.coles.com.au:27900/wcsstore/Coles-CAS/images/2/0/6/2062122-th.jpg'
	                                               ,productDisplayUrl:'http://shop.coles.com.au/online/national/smiths-twisties-zig-zag'
	                                               ,title:'Smiths Twisties Zig Zag '
	                                               ,description:''}">
                                </div>
                            </div>
                        </div>
                    </form>
                </div>
                <span class="available hidden"></span>
                <div class="outer-prod prodtile" data-refresh="{
					catalogId: &quot;10576&quot;,
					doInventory: &quot;N&quot;,
					fulfillmentCenterId: &quot;11576&quot;,
					forStoreId: &quot;10401&quot;,

					productDisplayURL: &quot;http://shop.coles.com.au/online/national/smiths-grainwaves-sea-salt-black-pepper&quot;
			}">
                    <form id="catEntryForm_448008" name="catEntryForm_448008" action="AjaxOrderChangeServiceItemAdd">
                        <div class=" " data-catentry="catEntry_448008" data-refresh="{
				addCalculationUsage: &quot;-1&quot;,
				langId: &quot;-1&quot;,
				storeId: &quot;10601&quot;,
				catEntryId: &quot;448008&quot;,
				catEntryName: &quot;Grainwaves Sea Salt &amp; Black Pepper&quot;,
				productView: &quot;list&quot;,
				productId: &quot;448008&quot;,
				itemId: &quot;448026&quot;,
				hideMultibuy: &quot;false&quot;,
                ticketType: &quot;&quot;,
                partNumber: &quot;2273445&quot;,
                offerCode: &quot;20160217&quot;
		}">
                            <div class="wrapper clearfix">
                                <h4 class="accessibility" id="heading_448008" tabindex="-1"> Smiths&nbsp;Grainwaves Sea Salt &amp; Black Pepper&nbsp; 175g&nbsp; </h4>
                                <div class="offer-icon"></div>
                                <a role="presentation" aria-hidden="true" class="product-url" href="http://shop.coles.com.au/online/national/smiths-grainwaves-sea-salt-black-pepper"> <img role="presentation" aria-hidden="true" class="photo" src="/wcsstore/Coles-CAS/images/2/2/7/2273445-th.jpg" onerror="this.src='/wcsstore/ColesStorefrontAssetStore/dist/1c712c4fe3ca/images/spacer.gif'" alt="Grainwaves Sea Salt &amp; Black Pepper" width="110" height="110"> </a>
                                <div class="detail">
                                    <span role="presentation" aria-hidden="true" class="brand">Smiths</span>
                                    <span class="item" role="presentation" aria-hidden="true"> <a role="presentation" aria-hidden="true" class="product-url" href="http://shop.coles.com.au/online/national/smiths-grainwaves-sea-salt-black-pepper"> Grainwaves Sea Salt &amp; Black Pepper&nbsp; 175g </a> </span>
                                    <span class="size"> </span>
                                </div>
                                <div class="purchasing">
                                    <div class="saving">
                                    </div>
                                    <div class="price">
                                        <span class="accessibility">Purchase price </span>
                                        <small>$</small>4.05
                                    </div>
                                    <div class="unit-price">
                                        <span class="accessibility">Unit price </span>$2.31 per 100G
                                    </div>
                                    <div class="special-offer">
                                    </div>
                                    <div class="availability">
                                        Temporarily unavailable
                                    </div>
                                    <div class="purchase">
                                        <input type="number" title="Add Quantity for Smiths Grainwaves Sea Salt &amp; Black Pepper 175g" name="quantity" id="catEntry_448008_qty" value="1" maxlength="2" size="2" class="v-mandatory v-numeric v-minval-1">
                                        <button role="button" type="submit" title="Add to trolley&nbsp;Smiths Grainwaves Sea Salt &amp; Black Pepper 175g" class="btn-red action-addToTrolley"><span role="presentation" aria-hidden="true">Add to trolley</span></button>
                                    </div>
                                </div>
                                <div class="lists">
                                </div>
                                <div class="actions">
                                    <div class="MUItemForTrolleyDiv MUItemForTrolley_448026" data-catentry="448026">
                                        <div class="MUul_448026">
                                            <div class="MUli_448026 hidden" aria-hidden="true">
                                                <span class="inTrolley"><span class="MUSpan_448026">0</span> in trolley</span>
                                            </div>
                                        </div>
                                    </div>
                                    <p class="clear"></p>
                                    <div class="member-usuals-remove">
                                        <a href="#" class="action-removeFromUsuals usuals-remove">Remove from list <span class="accessibility">Smiths Grainwaves Sea Salt &amp; Black Pepper 175g</span></a>
                                    </div>
                                    <div class="list">
                                        <a href="#" class="action-addToList action-list-add">Add to list <span class="accessibility">Smiths Grainwaves Sea Salt &amp; Black Pepper 175g</span></a>
                                    </div>
                                    <div class="member-list-add">
                                        <a href="#" class="action-addToList action-list-add">Add to another list <span class="accessibility">Smiths Grainwaves Sea Salt &amp; Black Pepper 175g</span></a>
                                    </div>
                                    <div class="member-list-remove">
                                        <a href="#" class="action-removeFromList">Remove from list <span class="accessibility">Smiths Grainwaves Sea Salt &amp; Black Pepper 175g</span></a>
                                    </div>
                                    <div class="compareProd" role="presentation" aria-hidden="true">
                                        <a href="#" class="compare compare-add">Compare</a>
                                    </div>
                                    <a href="http://shop.coles.com.au/online/national/smiths-grainwaves-sea-salt-black-pepper" class="product-url accessibility">More details for Smiths&nbsp;Grainwaves Sea Salt &amp; Black Pepper</a>
                                </div>
                                <div role="presentation" aria-hidden="true" id="share" class="share" data-social="{productImgUrl:'http://shop.coles.com.au:27900/wcsstore/Coles-CAS/images/2/2/7/2273445-th.jpg'
	                                               ,productDisplayUrl:'http://shop.coles.com.au/online/national/smiths-grainwaves-sea-salt-black-pepper'
	                                               ,title:'Smiths Grainwaves Sea Salt &amp; Black Pepper '
	                                               ,description:''}">
                                </div>
                            </div>
                        </div>
                    </form>
                </div>
                <span class="available hidden"></span>
                <div class="outer-prod prodtile" data-refresh="{
					catalogId: &quot;10576&quot;,
					doInventory: &quot;N&quot;,
					fulfillmentCenterId: &quot;11576&quot;,
					forStoreId: &quot;10401&quot;,

					productDisplayURL: &quot;http://shop.coles.com.au/online/national/smiths-crinkle-maxx-potato-chips-bbq-ribs&quot;
			}">
                    <form id="catEntryForm_444507" name="catEntryForm_444507" action="AjaxOrderChangeServiceItemAdd">
                        <div class="promo multiBuy " data-catentry="catEntry_444507" data-refresh="{
				addCalculationUsage: &quot;-1&quot;,
				langId: &quot;-1&quot;,
				storeId: &quot;10601&quot;,
				catEntryId: &quot;444507&quot;,
				catEntryName: &quot;Crinkle Maxx Potato Chips Bbq Ribs&quot;,
				productView: &quot;list&quot;,
				productId: &quot;444507&quot;,
				itemId: &quot;444547&quot;,
				hideMultibuy: &quot;false&quot;,
                ticketType: &quot;M&quot;,
                partNumber: &quot;2273423&quot;,
                offerCode: &quot;20160217&quot;
		}">
                            <div class="wrapper clearfix">
                                <h4 class="accessibility" id="heading_444507" tabindex="-1"> Smiths&nbsp;Crinkle Maxx Potato Chips Bbq Ribs&nbsp; 175g&nbsp; On special </h4>
                                <div class="offer-icon"></div>
                                <a role="presentation" aria-hidden="true" class="product-url" href="http://shop.coles.com.au/online/national/smiths-crinkle-maxx-potato-chips-bbq-ribs"> <img role="presentation" aria-hidden="true" class="photo" src="/wcsstore/Coles-CAS/images/2/2/7/2273423-th.jpg" onerror="this.src='/wcsstore/ColesStorefrontAssetStore/dist/1c712c4fe3ca/images/spacer.gif'" alt="Crinkle Maxx Potato Chips Bbq Ribs" width="110" height="110"> </a>
                                <div class="detail">
                                    <span role="presentation" aria-hidden="true" class="brand">Smiths</span>
                                    <span class="item" role="presentation" aria-hidden="true"> <a role="presentation" aria-hidden="true" class="product-url" href="http://shop.coles.com.au/online/national/smiths-crinkle-maxx-potato-chips-bbq-ribs"> Crinkle Maxx Potato Chips Bbq Ribs&nbsp; 175g </a> </span>
                                    <span class="size"> </span>
                                </div>
                                <div class="purchasing" data-promotion="{qualifier: &quot;2&quot;,promotionId: &quot;10110039&quot;,catEntryIds: &quot;10211,11206,12117,13807,14083,14530,16667,17765,17777,18813,18818,19869,20270,25042,47376,56111,57977,67235,67917,71980,72675,73291,73292,73783,74413,77541,78205,86563,87922,87923,89065,107116,182165,182272,182307,182398,182399,244526,244530,256528,256591,322001,322002,322005,346050,347583,411505,444507,444525,444526,445001,445002,445003,445004,445005,445006,445009,445010,445011,445012,454512,454525,454526,454527,520017&quot;}">
                                    <div class="offer-detail">
                                        2 for $5
                                    </div>
                                    <div class="offer-price">
                                        SAVE&nbsp;$3.26 / $1.43 per 100G
                                    </div>
                                    <div class="availability">
                                        Temporarily unavailable
                                    </div>
                                    <div class="offer-purchase">
                                        <button type="button" value="Choose any 2" class="btn-red action-addMultibuyToTrolley">Choose any 2</button>
                                    </div>
                                    <div class="or">
                                        <span>OR</span>
                                    </div>
                                    <div class="std-price">
                                        1 for $4.13&nbsp;/&nbsp;$2.36 per 100G
                                    </div>
                                    <div class="availability">
                                        Temporarily unavailable
                                    </div>
                                    <div class="std-purchase">
                                        <input type="number" title="Add Quantity for Smiths Crinkle Maxx Potato Chips Bbq Ribs 175g" name="quantity" id="catEntry_444507_qty" value="1" maxlength="2" size="2" class="v-mandatory v-numeric v-minval-1">
                                        <button role="button" type="submit" title="Add to trolley&nbsp;Smiths Crinkle Maxx Potato Chips Bbq Ribs 175g" class="btn-red action-addToTrolley"><span role="presentation" aria-hidden="true">Add to trolley</span></button>
                                    </div>
                                </div>
                                <div class="actions">
                                    <div class="MUItemForTrolleyDiv MUItemForTrolley_444547" data-catentry="444547">
                                        <div class="MUul_444547">
                                            <div class="MUli_444547 hidden" aria-hidden="true">
                                                <span class="inTrolley"><span class="MUSpan_444547">0</span> in trolley</span>
                                            </div>
                                        </div>
                                    </div>
                                    <p class="clear"></p>
                                    <div class="member-usuals-remove">
                                        <a href="#" class="action-removeFromUsuals usuals-remove">Remove from list <span class="accessibility">Smiths Crinkle Maxx Potato Chips Bbq Ribs 175g</span></a>
                                    </div>
                                    <div class="list">
                                        <a href="#" class="action-addToList action-list-add">Add to list <span class="accessibility">Smiths Crinkle Maxx Potato Chips Bbq Ribs 175g</span></a>
                                    </div>
                                    <div class="member-list-add">
                                        <a href="#" class="action-addToList action-list-add">Add to another list <span class="accessibility">Smiths Crinkle Maxx Potato Chips Bbq Ribs 175g</span></a>
                                    </div>
                                    <div class="member-list-remove">
                                        <a href="#" class="action-removeFromList">Remove from list <span class="accessibility">Smiths Crinkle Maxx Potato Chips Bbq Ribs 175g</span></a>
                                    </div>
                                    <div class="compareProd" role="presentation" aria-hidden="true">
                                        <a href="#" class="compare compare-add">Compare</a>
                                    </div>
                                    <a href="http://shop.coles.com.au/online/national/smiths-crinkle-maxx-potato-chips-bbq-ribs" class="product-url accessibility">More details for Smiths&nbsp;Crinkle Maxx Potato Chips Bbq Ribs</a>
                                </div>
                                <div role="presentation" aria-hidden="true" id="share" class="share" data-social="{productImgUrl:'http://shop.coles.com.au:27900/wcsstore/Coles-CAS/images/2/2/7/2273423-th.jpg'
	                                               ,productDisplayUrl:'http://shop.coles.com.au/online/national/smiths-crinkle-maxx-potato-chips-bbq-ribs'
	                                               ,title:'Smiths Crinkle Maxx Potato Chips Bbq Ribs '
	                                               ,description:''}">
                                </div>
                            </div>
                        </div>
                    </form>
                </div>
                <span class="available hidden"></span>
                <div class="outer-prod prodtile" data-refresh="{
					catalogId: &quot;10576&quot;,
					doInventory: &quot;N&quot;,
					fulfillmentCenterId: &quot;11576&quot;,
					forStoreId: &quot;10401&quot;,

					productDisplayURL: &quot;http://shop.coles.com.au/online/national/smiths-crinkle-maxx-potato-chips-salt-vinegar&quot;
			}">
                    <form id="catEntryForm_444525" name="catEntryForm_444525" action="AjaxOrderChangeServiceItemAdd">
                        <div class="promo multiBuy " data-catentry="catEntry_444525" data-refresh="{
				addCalculationUsage: &quot;-1&quot;,
				langId: &quot;-1&quot;,
				storeId: &quot;10601&quot;,
				catEntryId: &quot;444525&quot;,
				catEntryName: &quot;Crinkle Maxx Potato Chips Salt Vinegar&quot;,
				productView: &quot;list&quot;,
				productId: &quot;444525&quot;,
				itemId: &quot;444582&quot;,
				hideMultibuy: &quot;false&quot;,
                ticketType: &quot;M&quot;,
                partNumber: &quot;2273412&quot;,
                offerCode: &quot;20160217&quot;
		}">
                            <div class="wrapper clearfix">
                                <h4 class="accessibility" id="heading_444525" tabindex="-1"> Smiths&nbsp;Crinkle Maxx Potato Chips Salt Vinegar&nbsp; 175g&nbsp; On special </h4>
                                <div class="offer-icon"></div>
                                <a role="presentation" aria-hidden="true" class="product-url" href="http://shop.coles.com.au/online/national/smiths-crinkle-maxx-potato-chips-salt-vinegar"> <img role="presentation" aria-hidden="true" class="photo" src="/wcsstore/Coles-CAS/images/2/2/7/2273412-th.jpg" onerror="this.src='/wcsstore/ColesStorefrontAssetStore/dist/1c712c4fe3ca/images/spacer.gif'" alt="Crinkle Maxx Potato Chips Salt Vinegar" width="110" height="110"> </a>
                                <div class="detail">
                                    <span role="presentation" aria-hidden="true" class="brand">Smiths</span>
                                    <span class="item" role="presentation" aria-hidden="true"> <a role="presentation" aria-hidden="true" class="product-url" href="http://shop.coles.com.au/online/national/smiths-crinkle-maxx-potato-chips-salt-vinegar"> Crinkle Maxx Potato Chips Salt Vinegar&nbsp; 175g </a> </span>
                                    <span class="size"> </span>
                                </div>
                                <div class="purchasing" data-promotion="{qualifier: &quot;2&quot;,promotionId: &quot;10110039&quot;,catEntryIds: &quot;10211,11206,12117,13807,14083,14530,16667,17765,17777,18813,18818,19869,20270,25042,47376,56111,57977,67235,67917,71980,72675,73291,73292,73783,74413,77541,78205,86563,87922,87923,89065,107116,182165,182272,182307,182398,182399,244526,244530,256528,256591,322001,322002,322005,346050,347583,411505,444507,444525,444526,445001,445002,445003,445004,445005,445006,445009,445010,445011,445012,454512,454525,454526,454527,520017&quot;}">
                                    <div class="offer-detail">
                                        2 for $5
                                    </div>
                                    <div class="offer-price">
                                        SAVE&nbsp;$3.26 / $1.43 per 100G
                                    </div>
                                    <div class="availability">
                                        Temporarily unavailable
                                    </div>
                                    <div class="offer-purchase">
                                        <button type="button" value="Choose any 2" class="btn-red action-addMultibuyToTrolley">Choose any 2</button>
                                    </div>
                                    <div class="or">
                                        <span>OR</span>
                                    </div>
                                    <div class="std-price">
                                        1 for $4.13&nbsp;/&nbsp;$2.36 per 100G
                                    </div>
                                    <div class="availability">
                                        Temporarily unavailable
                                    </div>
                                    <div class="std-purchase">
                                        <input type="number" title="Add Quantity for Smiths Crinkle Maxx Potato Chips Salt Vinegar 175g" name="quantity" id="catEntry_444525_qty" value="1" maxlength="2" size="2" class="v-mandatory v-numeric v-minval-1">
                                        <button role="button" type="submit" title="Add to trolley&nbsp;Smiths Crinkle Maxx Potato Chips Salt Vinegar 175g" class="btn-red action-addToTrolley"><span role="presentation" aria-hidden="true">Add to trolley</span></button>
                                    </div>
                                </div>
                                <div class="actions">
                                    <div class="MUItemForTrolleyDiv MUItemForTrolley_444582" data-catentry="444582">
                                        <div class="MUul_444582">
                                            <div class="MUli_444582 hidden" aria-hidden="true">
                                                <span class="inTrolley"><span class="MUSpan_444582">0</span> in trolley</span>
                                            </div>
                                        </div>
                                    </div>
                                    <p class="clear"></p>
                                    <div class="member-usuals-remove">
                                        <a href="#" class="action-removeFromUsuals usuals-remove">Remove from list <span class="accessibility">Smiths Crinkle Maxx Potato Chips Salt Vinegar 175g</span></a>
                                    </div>
                                    <div class="list">
                                        <a href="#" class="action-addToList action-list-add">Add to list <span class="accessibility">Smiths Crinkle Maxx Potato Chips Salt Vinegar 175g</span></a>
                                    </div>
                                    <div class="member-list-add">
                                        <a href="#" class="action-addToList action-list-add">Add to another list <span class="accessibility">Smiths Crinkle Maxx Potato Chips Salt Vinegar 175g</span></a>
                                    </div>
                                    <div class="member-list-remove">
                                        <a href="#" class="action-removeFromList">Remove from list <span class="accessibility">Smiths Crinkle Maxx Potato Chips Salt Vinegar 175g</span></a>
                                    </div>
                                    <div class="compareProd" role="presentation" aria-hidden="true">
                                        <a href="#" class="compare compare-add">Compare</a>
                                    </div>
                                    <a href="http://shop.coles.com.au/online/national/smiths-crinkle-maxx-potato-chips-salt-vinegar" class="product-url accessibility">More details for Smiths&nbsp;Crinkle Maxx Potato Chips Salt Vinegar</a>
                                </div>
                                <div role="presentation" aria-hidden="true" id="share" class="share" data-social="{productImgUrl:'http://shop.coles.com.au:27900/wcsstore/Coles-CAS/images/2/2/7/2273412-th.jpg'
	                                               ,productDisplayUrl:'http://shop.coles.com.au/online/national/smiths-crinkle-maxx-potato-chips-salt-vinegar'
	                                               ,title:'Smiths Crinkle Maxx Potato Chips Salt Vinegar '
	                                               ,description:''}">
                                </div>
                            </div>
                        </div>
                    </form>
                </div>
                <span class="available hidden"></span>
                <div class="outer-prod prodtile" data-refresh="{
					catalogId: &quot;10576&quot;,
					doInventory: &quot;N&quot;,
					fulfillmentCenterId: &quot;11576&quot;,
					forStoreId: &quot;10401&quot;,

					productDisplayURL: &quot;http://shop.coles.com.au/online/national/smiths-crinkle-maxx-potato-chips-original&quot;
			}">
                    <form id="catEntryForm_444526" name="catEntryForm_444526" action="AjaxOrderChangeServiceItemAdd">
                        <div class="promo multiBuy " data-catentry="catEntry_444526" data-refresh="{
				addCalculationUsage: &quot;-1&quot;,
				langId: &quot;-1&quot;,
				storeId: &quot;10601&quot;,
				catEntryId: &quot;444526&quot;,
				catEntryName: &quot;Crinkle Maxx Potato Chips Original&quot;,
				productView: &quot;list&quot;,
				productId: &quot;444526&quot;,
				itemId: &quot;444550&quot;,
				hideMultibuy: &quot;false&quot;,
                ticketType: &quot;M&quot;,
                partNumber: &quot;2273401&quot;,
                offerCode: &quot;20160217&quot;
		}">
                            <div class="wrapper clearfix">
                                <h4 class="accessibility" id="heading_444526" tabindex="-1"> Smiths&nbsp;Crinkle Maxx Potato Chips Original&nbsp; 175g&nbsp; On special </h4>
                                <div class="offer-icon"></div>
                                <a role="presentation" aria-hidden="true" class="product-url" href="http://shop.coles.com.au/online/national/smiths-crinkle-maxx-potato-chips-original"> <img role="presentation" aria-hidden="true" class="photo" src="/wcsstore/Coles-CAS/images/2/2/7/2273401-th.jpg" onerror="this.src='/wcsstore/ColesStorefrontAssetStore/dist/1c712c4fe3ca/images/spacer.gif'" alt="Crinkle Maxx Potato Chips Original" width="110" height="110"> </a>
                                <div class="detail">
                                    <span role="presentation" aria-hidden="true" class="brand">Smiths</span>
                                    <span class="item" role="presentation" aria-hidden="true"> <a role="presentation" aria-hidden="true" class="product-url" href="http://shop.coles.com.au/online/national/smiths-crinkle-maxx-potato-chips-original"> Crinkle Maxx Potato Chips Original&nbsp; 175g </a> </span>
                                    <span class="size"> </span>
                                </div>
                                <div class="purchasing" data-promotion="{qualifier: &quot;2&quot;,promotionId: &quot;10110039&quot;,catEntryIds: &quot;10211,11206,12117,13807,14083,14530,16667,17765,17777,18813,18818,19869,20270,25042,47376,56111,57977,67235,67917,71980,72675,73291,73292,73783,74413,77541,78205,86563,87922,87923,89065,107116,182165,182272,182307,182398,182399,244526,244530,256528,256591,322001,322002,322005,346050,347583,411505,444507,444525,444526,445001,445002,445003,445004,445005,445006,445009,445010,445011,445012,454512,454525,454526,454527,520017&quot;}">
                                    <div class="offer-detail">
                                        2 for $5
                                    </div>
                                    <div class="offer-price">
                                        SAVE&nbsp;$3.26 / $1.43 per 100G
                                    </div>
                                    <div class="availability">
                                        Temporarily unavailable
                                    </div>
                                    <div class="offer-purchase">
                                        <button type="button" value="Choose any 2" class="btn-red action-addMultibuyToTrolley">Choose any 2</button>
                                    </div>
                                    <div class="or">
                                        <span>OR</span>
                                    </div>
                                    <div class="std-price">
                                        1 for $4.13&nbsp;/&nbsp;$2.36 per 100G
                                    </div>
                                    <div class="availability">
                                        Temporarily unavailable
                                    </div>
                                    <div class="std-purchase">
                                        <input type="number" title="Add Quantity for Smiths Crinkle Maxx Potato Chips Original 175g" name="quantity" id="catEntry_444526_qty" value="1" maxlength="2" size="2" class="v-mandatory v-numeric v-minval-1">
                                        <button role="button" type="submit" title="Add to trolley&nbsp;Smiths Crinkle Maxx Potato Chips Original 175g" class="btn-red action-addToTrolley"><span role="presentation" aria-hidden="true">Add to trolley</span></button>
                                    </div>
                                </div>
                                <div class="actions">
                                    <div class="MUItemForTrolleyDiv MUItemForTrolley_444550" data-catentry="444550">
                                        <div class="MUul_444550">
                                            <div class="MUli_444550 hidden" aria-hidden="true">
                                                <span class="inTrolley"><span class="MUSpan_444550">0</span> in trolley</span>
                                            </div>
                                        </div>
                                    </div>
                                    <p class="clear"></p>
                                    <div class="member-usuals-remove">
                                        <a href="#" class="action-removeFromUsuals usuals-remove">Remove from list <span class="accessibility">Smiths Crinkle Maxx Potato Chips Original 175g</span></a>
                                    </div>
                                    <div class="list">
                                        <a href="#" class="action-addToList action-list-add">Add to list <span class="accessibility">Smiths Crinkle Maxx Potato Chips Original 175g</span></a>
                                    </div>
                                    <div class="member-list-add">
                                        <a href="#" class="action-addToList action-list-add">Add to another list <span class="accessibility">Smiths Crinkle Maxx Potato Chips Original 175g</span></a>
                                    </div>
                                    <div class="member-list-remove">
                                        <a href="#" class="action-removeFromList">Remove from list <span class="accessibility">Smiths Crinkle Maxx Potato Chips Original 175g</span></a>
                                    </div>
                                    <div class="compareProd" role="presentation" aria-hidden="true">
                                        <a href="#" class="compare compare-add">Compare</a>
                                    </div>
                                    <a href="http://shop.coles.com.au/online/national/smiths-crinkle-maxx-potato-chips-original" class="product-url accessibility">More details for Smiths&nbsp;Crinkle Maxx Potato Chips Original</a>
                                </div>
                                <div role="presentation" aria-hidden="true" id="share" class="share" data-social="{productImgUrl:'http://shop.coles.com.au:27900/wcsstore/Coles-CAS/images/2/2/7/2273401-th.jpg'
	                                               ,productDisplayUrl:'http://shop.coles.com.au/online/national/smiths-crinkle-maxx-potato-chips-original'
	                                               ,title:'Smiths Crinkle Maxx Potato Chips Original '
	                                               ,description:''}">
                                </div>
                            </div>
                        </div>
                    </form>
                </div>
                <span class="available hidden"></span>
                <div class="outer-prod prodtile" data-refresh="{
					catalogId: &quot;10576&quot;,
					doInventory: &quot;N&quot;,
					fulfillmentCenterId: &quot;11576&quot;,
					forStoreId: &quot;10401&quot;,

					productDisplayURL: &quot;http://shop.coles.com.au/online/national/twisties-totally-twisted&quot;
			}">
                    <form id="catEntryForm_66567" name="catEntryForm_66567" action="AjaxOrderChangeServiceItemAdd">
                        <div class=" " data-catentry="catEntry_66567" data-refresh="{
				addCalculationUsage: &quot;-1&quot;,
				langId: &quot;-1&quot;,
				storeId: &quot;10601&quot;,
				catEntryId: &quot;66567&quot;,
				catEntryName: &quot;Twisties Variety Multipack&quot;,
				productView: &quot;list&quot;,
				productId: &quot;66567&quot;,
				itemId: &quot;128798&quot;,
				hideMultibuy: &quot;false&quot;,
                ticketType: &quot;&quot;,
                partNumber: &quot;7167944&quot;,
                offerCode: &quot;20160302&quot;
		}">
                            <div class="wrapper clearfix">
                                <h4 class="accessibility" id="heading_66567" tabindex="-1"> Smith's&nbsp;Twisties Variety Multipack&nbsp; 20 pack&nbsp; </h4>
                                <div class="offer-icon"></div>
                                <a role="presentation" aria-hidden="true" class="product-url" href="http://shop.coles.com.au/online/national/twisties-totally-twisted"> <img role="presentation" aria-hidden="true" class="photo" src="/wcsstore/Coles-CAS/images/7/1/6/7167944-th.jpg" onerror="this.src='/wcsstore/ColesStorefrontAssetStore/dist/1c712c4fe3ca/images/spacer.gif'" alt="Twisties Variety Multipack" width="110" height="110"> </a>
                                <div class="detail">
                                    <span role="presentation" aria-hidden="true" class="brand">Smith's</span>
                                    <span class="item" role="presentation" aria-hidden="true"> <a role="presentation" aria-hidden="true" class="product-url" href="http://shop.coles.com.au/online/national/twisties-totally-twisted"> Twisties Variety Multipack&nbsp; 20 pack </a> </span>
                                    <span class="size"> </span>
                                </div>
                                <div class="purchasing">
                                    <div class="saving">
                                    </div>
                                    <div class="price">
                                        <span class="accessibility">Purchase price </span>
                                        <small>$</small>7.37
                                    </div>
                                    <div class="unit-price">
                                        <span class="accessibility">Unit price </span>$2.05 per 100G
                                    </div>
                                    <div class="special-offer">
                                    </div>
                                    <div class="availability">
                                        Temporarily unavailable
                                    </div>
                                    <div class="purchase">
                                        <input type="number" title="Add Quantity for Smith's Twisties Variety Multipack 20 pack" name="quantity" id="catEntry_66567_qty" value="1" maxlength="2" size="2" class="v-mandatory v-numeric v-minval-1">
                                        <button role="button" type="submit" title="Add to trolley&nbsp;Smith's Twisties Variety Multipack 20 pack" class="btn-red action-addToTrolley"><span role="presentation" aria-hidden="true">Add to trolley</span></button>
                                    </div>
                                </div>
                                <div class="lists">
                                </div>
                                <div class="actions">
                                    <div class="MUItemForTrolleyDiv MUItemForTrolley_128798" data-catentry="128798">
                                        <div class="MUul_128798">
                                            <div class="MUli_128798 hidden" aria-hidden="true">
                                                <span class="inTrolley"><span class="MUSpan_128798">0</span> in trolley</span>
                                            </div>
                                        </div>
                                    </div>
                                    <p class="clear"></p>
                                    <div class="member-usuals-remove">
                                        <a href="#" class="action-removeFromUsuals usuals-remove">Remove from list <span class="accessibility">Smith's Twisties Variety Multipack 20 pack</span></a>
                                    </div>
                                    <div class="list">
                                        <a href="#" class="action-addToList action-list-add">Add to list <span class="accessibility">Smith's Twisties Variety Multipack 20 pack</span></a>
                                    </div>
                                    <div class="member-list-add">
                                        <a href="#" class="action-addToList action-list-add">Add to another list <span class="accessibility">Smith's Twisties Variety Multipack 20 pack</span></a>
                                    </div>
                                    <div class="member-list-remove">
                                        <a href="#" class="action-removeFromList">Remove from list <span class="accessibility">Smith's Twisties Variety Multipack 20 pack</span></a>
                                    </div>
                                    <div class="compareProd" role="presentation" aria-hidden="true">
                                        <a href="#" class="compare compare-add">Compare</a>
                                    </div>
                                    <a href="http://shop.coles.com.au/online/national/twisties-totally-twisted" class="product-url accessibility">More details for Smith's&nbsp;Twisties Variety Multipack</a>
                                </div>
                                <div role="presentation" aria-hidden="true" id="share" class="share" data-social="{productImgUrl:'http://shop.coles.com.au:27900/wcsstore/Coles-CAS/images/7/1/6/7167944-th.jpg'
	                                               ,productDisplayUrl:'http://shop.coles.com.au/online/national/twisties-totally-twisted'
	                                               ,title:'Smith's Twisties Variety Multipack '
	                                               ,description:''}">
                                </div>
                            </div>
                        </div>
                    </form>
                </div>
                <span class="available hidden"></span>
                <div class="outer-prod prodtile" data-refresh="{
					catalogId: &quot;10576&quot;,
					doInventory: &quot;N&quot;,
					fulfillmentCenterId: &quot;11576&quot;,
					forStoreId: &quot;10401&quot;,

					productDisplayURL: &quot;http://shop.coles.com.au/online/national/smiths-grain-waves-wholegrain-sour-cream-chives&quot;
			}">
                    <form id="catEntryForm_72937" name="catEntryForm_72937" action="AjaxOrderChangeServiceItemAdd">
                        <div class=" " data-catentry="catEntry_72937" data-refresh="{
				addCalculationUsage: &quot;-1&quot;,
				langId: &quot;-1&quot;,
				storeId: &quot;10601&quot;,
				catEntryId: &quot;72937&quot;,
				catEntryName: &quot;Sour Cream &amp; Chives Grainwaves&quot;,
				productView: &quot;list&quot;,
				productId: &quot;72937&quot;,
				itemId: &quot;133033&quot;,
				hideMultibuy: &quot;false&quot;,
                ticketType: &quot;&quot;,
                partNumber: &quot;6527760&quot;,
                offerCode: &quot;20160217&quot;
		}">
                            <div class="wrapper clearfix">
                                <h4 class="accessibility" id="heading_72937" tabindex="-1"> Smith's&nbsp;Sour Cream &amp; Chives Grainwaves&nbsp; 175g&nbsp; </h4>
                                <div class="offer-icon"></div>
                                <a role="presentation" aria-hidden="true" class="product-url" href="http://shop.coles.com.au/online/national/smiths-grain-waves-wholegrain-sour-cream-chives"> <img role="presentation" aria-hidden="true" class="photo" src="/wcsstore/Coles-CAS/images/6/5/2/6527760-th.jpg" onerror="this.src='/wcsstore/ColesStorefrontAssetStore/dist/1c712c4fe3ca/images/spacer.gif'" alt="Sour Cream &amp; Chives Grainwaves" width="110" height="110"> </a>
                                <div class="detail">
                                    <span role="presentation" aria-hidden="true" class="brand">Smith's</span>
                                    <span class="item" role="presentation" aria-hidden="true"> <a role="presentation" aria-hidden="true" class="product-url" href="http://shop.coles.com.au/online/national/smiths-grain-waves-wholegrain-sour-cream-chives"> Sour Cream &amp; Chives Grainwaves&nbsp; 175g </a> </span>
                                    <span class="size"> </span>
                                </div>
                                <div class="purchasing">
                                    <div class="saving">
                                    </div>
                                    <div class="price">
                                        <span class="accessibility">Purchase price </span>
                                        <small>$</small>4.05
                                    </div>
                                    <div class="unit-price">
                                        <span class="accessibility">Unit price </span>$2.31 per 100G
                                    </div>
                                    <div class="special-offer">
                                    </div>
                                    <div class="availability">
                                        Temporarily unavailable
                                    </div>
                                    <div class="purchase">
                                        <input type="number" title="Add Quantity for Smith's Sour Cream &amp; Chives Grainwaves 175g" name="quantity" id="catEntry_72937_qty" value="1" maxlength="2" size="2" class="v-mandatory v-numeric v-minval-1">
                                        <button role="button" type="submit" title="Add to trolley&nbsp;Smith's Sour Cream &amp; Chives Grainwaves 175g" class="btn-red action-addToTrolley"><span role="presentation" aria-hidden="true">Add to trolley</span></button>
                                    </div>
                                </div>
                                <div class="lists">
                                </div>
                                <div class="actions">
                                    <div class="MUItemForTrolleyDiv MUItemForTrolley_133033" data-catentry="133033">
                                        <div class="MUul_133033">
                                            <div class="MUli_133033 hidden" aria-hidden="true">
                                                <span class="inTrolley"><span class="MUSpan_133033">0</span> in trolley</span>
                                            </div>
                                        </div>
                                    </div>
                                    <p class="clear"></p>
                                    <div class="member-usuals-remove">
                                        <a href="#" class="action-removeFromUsuals usuals-remove">Remove from list <span class="accessibility">Smith's Sour Cream &amp; Chives Grainwaves 175g</span></a>
                                    </div>
                                    <div class="list">
                                        <a href="#" class="action-addToList action-list-add">Add to list <span class="accessibility">Smith's Sour Cream &amp; Chives Grainwaves 175g</span></a>
                                    </div>
                                    <div class="member-list-add">
                                        <a href="#" class="action-addToList action-list-add">Add to another list <span class="accessibility">Smith's Sour Cream &amp; Chives Grainwaves 175g</span></a>
                                    </div>
                                    <div class="member-list-remove">
                                        <a href="#" class="action-removeFromList">Remove from list <span class="accessibility">Smith's Sour Cream &amp; Chives Grainwaves 175g</span></a>
                                    </div>
                                    <div class="compareProd" role="presentation" aria-hidden="true">
                                        <a href="#" class="compare compare-add">Compare</a>
                                    </div>
                                    <a href="http://shop.coles.com.au/online/national/smiths-grain-waves-wholegrain-sour-cream-chives" class="product-url accessibility">More details for Smith's&nbsp;Sour Cream &amp; Chives Grainwaves</a>
                                </div>
                                <div role="presentation" aria-hidden="true" id="share" class="share" data-social="{productImgUrl:'http://shop.coles.com.au:27900/wcsstore/Coles-CAS/images/6/5/2/6527760-th.jpg'
	                                               ,productDisplayUrl:'http://shop.coles.com.au/online/national/smiths-grain-waves-wholegrain-sour-cream-chives'
	                                               ,title:'Smith's Sour Cream &amp; Chives Grainwaves  '
	                                               ,description:''}">
                                </div>
                            </div>
                        </div>
                    </form>
                </div>
                <span class="available hidden"></span>
                <div class="outer-prod prodtile" data-refresh="{
					catalogId: &quot;10576&quot;,
					doInventory: &quot;N&quot;,
					fulfillmentCenterId: &quot;11576&quot;,
					forStoreId: &quot;10401&quot;,

					productDisplayURL: &quot;http://shop.coles.com.au/online/national/smiths-grain-waves-wholegrain-sweet-chilli&quot;
			}">
                    <form id="catEntryForm_74927" name="catEntryForm_74927" action="AjaxOrderChangeServiceItemAdd">
                        <div class=" " data-catentry="catEntry_74927" data-refresh="{
				addCalculationUsage: &quot;-1&quot;,
				langId: &quot;-1&quot;,
				storeId: &quot;10601&quot;,
				catEntryId: &quot;74927&quot;,
				catEntryName: &quot;Sweet Chilli Grainwaves&quot;,
				productView: &quot;list&quot;,
				productId: &quot;74927&quot;,
				itemId: &quot;133780&quot;,
				hideMultibuy: &quot;false&quot;,
                ticketType: &quot;&quot;,
                partNumber: &quot;6527771&quot;,
                offerCode: &quot;20160217&quot;
		}">
                            <div class="wrapper clearfix">
                                <h4 class="accessibility" id="heading_74927" tabindex="-1"> Smith's&nbsp;Sweet Chilli Grainwaves&nbsp; 175g&nbsp; </h4>
                                <div class="offer-icon"></div>
                                <a role="presentation" aria-hidden="true" class="product-url" href="http://shop.coles.com.au/online/national/smiths-grain-waves-wholegrain-sweet-chilli"> <img role="presentation" aria-hidden="true" class="photo" src="/wcsstore/Coles-CAS/images/6/5/2/6527771-th.jpg" onerror="this.src='/wcsstore/ColesStorefrontAssetStore/dist/1c712c4fe3ca/images/spacer.gif'" alt="Sweet Chilli Grainwaves" width="110" height="110"> </a>
                                <div class="detail">
                                    <span role="presentation" aria-hidden="true" class="brand">Smith's</span>
                                    <span class="item" role="presentation" aria-hidden="true"> <a role="presentation" aria-hidden="true" class="product-url" href="http://shop.coles.com.au/online/national/smiths-grain-waves-wholegrain-sweet-chilli"> Sweet Chilli Grainwaves&nbsp; 175g </a> </span>
                                    <span class="size"> </span>
                                </div>
                                <div class="purchasing">
                                    <div class="saving">
                                    </div>
                                    <div class="price">
                                        <span class="accessibility">Purchase price </span>
                                        <small>$</small>4.05
                                    </div>
                                    <div class="unit-price">
                                        <span class="accessibility">Unit price </span>$2.31 per 100G
                                    </div>
                                    <div class="special-offer">
                                    </div>
                                    <div class="availability">
                                        Temporarily unavailable
                                    </div>
                                    <div class="purchase">
                                        <input type="number" title="Add Quantity for Smith's Sweet Chilli Grainwaves 175g" name="quantity" id="catEntry_74927_qty" value="1" maxlength="2" size="2" class="v-mandatory v-numeric v-minval-1">
                                        <button role="button" type="submit" title="Add to trolley&nbsp;Smith's Sweet Chilli Grainwaves 175g" class="btn-red action-addToTrolley"><span role="presentation" aria-hidden="true">Add to trolley</span></button>
                                    </div>
                                </div>
                                <div class="lists">
                                </div>
                                <div class="actions">
                                    <div class="MUItemForTrolleyDiv MUItemForTrolley_133780" data-catentry="133780">
                                        <div class="MUul_133780">
                                            <div class="MUli_133780 hidden" aria-hidden="true">
                                                <span class="inTrolley"><span class="MUSpan_133780">0</span> in trolley</span>
                                            </div>
                                        </div>
                                    </div>
                                    <p class="clear"></p>
                                    <div class="member-usuals-remove">
                                        <a href="#" class="action-removeFromUsuals usuals-remove">Remove from list <span class="accessibility">Smith's Sweet Chilli Grainwaves 175g</span></a>
                                    </div>
                                    <div class="list">
                                        <a href="#" class="action-addToList action-list-add">Add to list <span class="accessibility">Smith's Sweet Chilli Grainwaves 175g</span></a>
                                    </div>
                                    <div class="member-list-add">
                                        <a href="#" class="action-addToList action-list-add">Add to another list <span class="accessibility">Smith's Sweet Chilli Grainwaves 175g</span></a>
                                    </div>
                                    <div class="member-list-remove">
                                        <a href="#" class="action-removeFromList">Remove from list <span class="accessibility">Smith's Sweet Chilli Grainwaves 175g</span></a>
                                    </div>
                                    <div class="compareProd" role="presentation" aria-hidden="true">
                                        <a href="#" class="compare compare-add">Compare</a>
                                    </div>
                                    <a href="http://shop.coles.com.au/online/national/smiths-grain-waves-wholegrain-sweet-chilli" class="product-url accessibility">More details for Smith's&nbsp;Sweet Chilli Grainwaves</a>
                                </div>
                                <div role="presentation" aria-hidden="true" id="share" class="share" data-social="{productImgUrl:'http://shop.coles.com.au:27900/wcsstore/Coles-CAS/images/6/5/2/6527771-th.jpg'
	                                               ,productDisplayUrl:'http://shop.coles.com.au/online/national/smiths-grain-waves-wholegrain-sweet-chilli'
	                                               ,title:'Smith's Sweet Chilli Grainwaves  '
	                                               ,description:''}">
                                </div>
                            </div>
                        </div>
                    </form>
                </div>
                <span class="available hidden"></span>
                <div class="outer-prod prodtile" data-refresh="{
					catalogId: &quot;10576&quot;,
					doInventory: &quot;N&quot;,
					fulfillmentCenterId: &quot;11576&quot;,
					forStoreId: &quot;10401&quot;,

					productDisplayURL: &quot;http://shop.coles.com.au/online/national/smiths-thin-cut-salt-vinegar-potato-chips&quot;
			}">
                    <form id="catEntryForm_79591" name="catEntryForm_79591" action="AjaxOrderChangeServiceItemAdd">
                        <div class=" " data-catentry="catEntry_79591" data-refresh="{
				addCalculationUsage: &quot;-1&quot;,
				langId: &quot;-1&quot;,
				storeId: &quot;10601&quot;,
				catEntryId: &quot;79591&quot;,
				catEntryName: &quot;Thinly Cut Salt &amp; Vinegar Potato Chips&quot;,
				productView: &quot;&quot;,
				productId: &quot;79591&quot;,
				itemId: &quot;140438&quot;,
				hideMultibuy: &quot;false&quot;,
                ticketType: &quot;&quot;,
                partNumber: &quot;5706254&quot;,
                offerCode: &quot;20160113&quot;
		}">
                            <div class="wrapper clearfix">
                                <h4 class="accessibility" id="heading_79591" tabindex="-1"> Smith's&nbsp;Thinly Cut Salt &amp; Vinegar Potato Chips&nbsp; 175g&nbsp; </h4>
                                <div class="offer-icon"></div>
                                <a role="presentation" aria-hidden="true" class="product-url" href="http://shop.coles.com.au/online/national/smiths-thin-cut-salt-vinegar-potato-chips"> <img role="presentation" aria-hidden="true" class="photo" src="/wcsstore/Coles-CAS/images/5/7/0/5706254-th.jpg" onerror="this.src='/wcsstore/ColesStorefrontAssetStore/dist/1c712c4fe3ca/images/spacer.gif'" alt="Thinly Cut Salt &amp; Vinegar Potato Chips" width="110" height="110"> </a>
                                <div class="detail">
                                    <span role="presentation" aria-hidden="true" class="brand">Smith's</span>
                                    <span class="item" role="presentation" aria-hidden="true"> <a role="presentation" aria-hidden="true" class="product-url" href="http://shop.coles.com.au/online/national/smiths-thin-cut-salt-vinegar-potato-chips"> Thinly Cut Salt &amp; Vinegar Potato Chips&nbsp; 175g </a> </span>
                                    <span class="size"> </span>
                                </div>
                                <div class="purchasing">
                                    <div class="saving">
                                    </div>
                                    <div class="price">
                                        <span class="accessibility">Purchase price </span>
                                        <small>$</small>3.51
                                    </div>
                                    <div class="unit-price">
                                        <span class="accessibility">Unit price </span>$2.01 per 100G
                                    </div>
                                    <div class="special-offer">
                                    </div>
                                    <div class="availability">
                                        Temporarily unavailable
                                    </div>
                                    <div class="purchase">
                                        <input type="number" title="Add Quantity for Smith's Thinly Cut Salt &amp; Vinegar Potato Chips 175g" name="quantity" id="catEntry_79591_qty" value="1" maxlength="2" size="2" class="v-mandatory v-numeric v-minval-1">
                                        <button role="button" type="submit" title="Add to trolley&nbsp;Smith's Thinly Cut Salt &amp; Vinegar Potato Chips 175g" class="btn-red action-addToTrolley"><span role="presentation" aria-hidden="true">Add to trolley</span></button>
                                    </div>
                                </div>
                                <div class="lists">
                                </div>
                                <div class="actions">
                                    <div class="MUItemForTrolleyDiv MUItemForTrolley_140438" data-catentry="140438">
                                        <div class="MUul_140438">
                                            <div class="MUli_140438 hidden" aria-hidden="true">
                                                <span class="inTrolley"><span class="MUSpan_140438">0</span> in trolley</span>
                                            </div>
                                        </div>
                                    </div>
                                    <p class="clear"></p>
                                    <div class="member-usuals-remove">
                                        <a href="#" class="action-removeFromUsuals usuals-remove">Remove from list <span class="accessibility">Smith's Thinly Cut Salt &amp; Vinegar Potato Chips 175g</span></a>
                                    </div>
                                    <div class="list">
                                        <a href="#" class="action-addToList action-list-add">Add to list <span class="accessibility">Smith's Thinly Cut Salt &amp; Vinegar Potato Chips 175g</span></a>
                                    </div>
                                    <div class="member-list-add">
                                        <a href="#" class="action-addToList action-list-add">Add to another list <span class="accessibility">Smith's Thinly Cut Salt &amp; Vinegar Potato Chips 175g</span></a>
                                    </div>
                                    <div class="member-list-remove">
                                        <a href="#" class="action-removeFromList">Remove from list <span class="accessibility">Smith's Thinly Cut Salt &amp; Vinegar Potato Chips 175g</span></a>
                                    </div>
                                    <div class="compareProd" role="presentation" aria-hidden="true">
                                        <a href="#" class="compare compare-add">Compare</a>
                                    </div>
                                </div>
                                <div role="presentation" aria-hidden="true" id="share" class="share" data-social="{productImgUrl:'http://shop.coles.com.au:27900/wcsstore/Coles-CAS/images/5/7/0/5706254-th.jpg'
	                                               ,productDisplayUrl:'http://shop.coles.com.au/online/national/smiths-thin-cut-salt-vinegar-potato-chips'
	                                               ,title:'Smith's Thinly Cut Salt &amp; Vinegar Potato Chips '
	                                               ,description:''}">
                                </div>
                            </div>
                        </div>
                    </form>
                </div>
                <span class="available hidden"></span>
                <div class="outer-prod prodtile" data-refresh="{
					catalogId: &quot;10576&quot;,
					doInventory: &quot;N&quot;,
					fulfillmentCenterId: &quot;11576&quot;,
					forStoreId: &quot;10401&quot;,

					productDisplayURL: &quot;http://shop.coles.com.au/online/national/smiths-potato-chips-kidz-pick&quot;
			}">
                    <form id="catEntryForm_82221" name="catEntryForm_82221" action="AjaxOrderChangeServiceItemAdd">
                        <div class=" " data-catentry="catEntry_82221" data-refresh="{
				addCalculationUsage: &quot;-1&quot;,
				langId: &quot;-1&quot;,
				storeId: &quot;10601&quot;,
				catEntryId: &quot;82221&quot;,
				catEntryName: &quot;Kidz Pick Variety Multipack Potato Chips&quot;,
				productView: &quot;list&quot;,
				productId: &quot;82221&quot;,
				itemId: &quot;145428&quot;,
				hideMultibuy: &quot;false&quot;,
                ticketType: &quot;&quot;,
                partNumber: &quot;4370635&quot;,
                offerCode: &quot;20160302&quot;
		}">
                            <div class="wrapper clearfix">
                                <h4 class="accessibility" id="heading_82221" tabindex="-1"> Smith's&nbsp;Kidz Pick Variety Multipack Potato Chips&nbsp; 20 pack&nbsp; </h4>
                                <div class="offer-icon"></div>
                                <a role="presentation" aria-hidden="true" class="product-url" href="http://shop.coles.com.au/online/national/smiths-potato-chips-kidz-pick"> <img role="presentation" aria-hidden="true" class="photo" src="/wcsstore/Coles-CAS/images/4/3/7/4370635-th.jpg" onerror="this.src='/wcsstore/ColesStorefrontAssetStore/dist/1c712c4fe3ca/images/spacer.gif'" alt="Kidz Pick Variety Multipack Potato Chips" width="110" height="110"> </a>
                                <div class="detail">
                                    <span role="presentation" aria-hidden="true" class="brand">Smith's</span>
                                    <span class="item" role="presentation" aria-hidden="true"> <a role="presentation" aria-hidden="true" class="product-url" href="http://shop.coles.com.au/online/national/smiths-potato-chips-kidz-pick"> Kidz Pick Variety Multipack Potato Chips&nbsp; 20 pack </a> </span>
                                    <span class="size"> </span>
                                </div>
                                <div class="purchasing">
                                    <div class="saving">
                                    </div>
                                    <div class="price">
                                        <span class="accessibility">Purchase price </span>
                                        <small>$</small>7.37
                                    </div>
                                    <div class="unit-price">
                                        <span class="accessibility">Unit price </span>$2.00 per 100G
                                    </div>
                                    <div class="special-offer">
                                    </div>
                                    <div class="availability">
                                        Temporarily unavailable
                                    </div>
                                    <div class="purchase">
                                        <input type="number" title="Add Quantity for Smith's Kidz Pick Variety Multipack Potato Chips 20 pack" name="quantity" id="catEntry_82221_qty" value="1" maxlength="2" size="2" class="v-mandatory v-numeric v-minval-1">
                                        <button role="button" type="submit" title="Add to trolley&nbsp;Smith's Kidz Pick Variety Multipack Potato Chips 20 pack" class="btn-red action-addToTrolley"><span role="presentation" aria-hidden="true">Add to trolley</span></button>
                                    </div>
                                </div>
                                <div class="lists">
                                </div>
                                <div class="actions">
                                    <div class="MUItemForTrolleyDiv MUItemForTrolley_145428" data-catentry="145428">
                                        <div class="MUul_145428">
                                            <div class="MUli_145428 hidden" aria-hidden="true">
                                                <span class="inTrolley"><span class="MUSpan_145428">0</span> in trolley</span>
                                            </div>
                                        </div>
                                    </div>
                                    <p class="clear"></p>
                                    <div class="member-usuals-remove">
                                        <a href="#" class="action-removeFromUsuals usuals-remove">Remove from list <span class="accessibility">Smith's Kidz Pick Variety Multipack Potato Chips 20 pack</span></a>
                                    </div>
                                    <div class="list">
                                        <a href="#" class="action-addToList action-list-add">Add to list <span class="accessibility">Smith's Kidz Pick Variety Multipack Potato Chips 20 pack</span></a>
                                    </div>
                                    <div class="member-list-add">
                                        <a href="#" class="action-addToList action-list-add">Add to another list <span class="accessibility">Smith's Kidz Pick Variety Multipack Potato Chips 20 pack</span></a>
                                    </div>
                                    <div class="member-list-remove">
                                        <a href="#" class="action-removeFromList">Remove from list <span class="accessibility">Smith's Kidz Pick Variety Multipack Potato Chips 20 pack</span></a>
                                    </div>
                                    <div class="compareProd" role="presentation" aria-hidden="true">
                                        <a href="#" class="compare compare-add">Compare</a>
                                    </div>
                                    <a href="http://shop.coles.com.au/online/national/smiths-potato-chips-kidz-pick" class="product-url accessibility">More details for Smith's&nbsp;Kidz Pick Variety Multipack Potato Chips</a>
                                </div>
                                <div role="presentation" aria-hidden="true" id="share" class="share" data-social="{productImgUrl:'http://shop.coles.com.au:27900/wcsstore/Coles-CAS/images/4/3/7/4370635-th.jpg'
	                                               ,productDisplayUrl:'http://shop.coles.com.au/online/national/smiths-potato-chips-kidz-pick'
	                                               ,title:'Smith's Kidz Pick Variety Multipack Potato Chips '
	                                               ,description:''}">
                                </div>
                            </div>
                        </div>
                    </form>
                </div>
                <span class="available hidden"></span>
                <div class="outer-prod prodtile" data-refresh="{
					catalogId: &quot;10576&quot;,
					doInventory: &quot;N&quot;,
					fulfillmentCenterId: &quot;11576&quot;,
					forStoreId: &quot;10401&quot;,

					productDisplayURL: &quot;http://shop.coles.com.au/online/national/smiths-potato-chips-crinkle-cut-flavour-mix&quot;
			}">
                    <form id="catEntryForm_82658" name="catEntryForm_82658" action="AjaxOrderChangeServiceItemAdd">
                        <div class=" " data-catentry="catEntry_82658" data-refresh="{
				addCalculationUsage: &quot;-1&quot;,
				langId: &quot;-1&quot;,
				storeId: &quot;10601&quot;,
				catEntryId: &quot;82658&quot;,
				catEntryName: &quot;Crinkle Cut Variety Multipack&quot;,
				productView: &quot;list&quot;,
				productId: &quot;82658&quot;,
				itemId: &quot;145187&quot;,
				hideMultibuy: &quot;false&quot;,
                ticketType: &quot;&quot;,
                partNumber: &quot;4826829&quot;,
                offerCode: &quot;20160302&quot;
		}">
                            <div class="wrapper clearfix">
                                <h4 class="accessibility" id="heading_82658" tabindex="-1"> Smith's&nbsp;Crinkle Cut Variety Multipack&nbsp; 20 pack&nbsp; </h4>
                                <div class="offer-icon"></div>
                                <a role="presentation" aria-hidden="true" class="product-url" href="http://shop.coles.com.au/online/national/smiths-potato-chips-crinkle-cut-flavour-mix"> <img role="presentation" aria-hidden="true" class="photo" src="/wcsstore/Coles-CAS/images/4/8/2/4826829-th.jpg" onerror="this.src='/wcsstore/ColesStorefrontAssetStore/dist/1c712c4fe3ca/images/spacer.gif'" alt="Crinkle Cut Variety Multipack" width="110" height="110"> </a>
                                <div class="detail">
                                    <span role="presentation" aria-hidden="true" class="brand">Smith's</span>
                                    <span class="item" role="presentation" aria-hidden="true"> <a role="presentation" aria-hidden="true" class="product-url" href="http://shop.coles.com.au/online/national/smiths-potato-chips-crinkle-cut-flavour-mix"> Crinkle Cut Variety Multipack&nbsp; 20 pack </a> </span>
                                    <span class="size"> </span>
                                </div>
                                <div class="purchasing">
                                    <div class="saving">
                                    </div>
                                    <div class="price">
                                        <span class="accessibility">Purchase price </span>
                                        <small>$</small>7.37
                                    </div>
                                    <div class="unit-price">
                                        <span class="accessibility">Unit price </span>$1.94 per 100G
                                    </div>
                                    <div class="special-offer">
                                    </div>
                                    <div class="availability">
                                        Temporarily unavailable
                                    </div>
                                    <div class="purchase">
                                        <input type="number" title="Add Quantity for Smith's Crinkle Cut Variety Multipack 20 pack" name="quantity" id="catEntry_82658_qty" value="1" maxlength="2" size="2" class="v-mandatory v-numeric v-minval-1">
                                        <button role="button" type="submit" title="Add to trolley&nbsp;Smith's Crinkle Cut Variety Multipack 20 pack" class="btn-red action-addToTrolley"><span role="presentation" aria-hidden="true">Add to trolley</span></button>
                                    </div>
                                </div>
                                <div class="lists">
                                </div>
                                <div class="actions">
                                    <div class="MUItemForTrolleyDiv MUItemForTrolley_145187" data-catentry="145187">
                                        <div class="MUul_145187">
                                            <div class="MUli_145187 hidden" aria-hidden="true">
                                                <span class="inTrolley"><span class="MUSpan_145187">0</span> in trolley</span>
                                            </div>
                                        </div>
                                    </div>
                                    <p class="clear"></p>
                                    <div class="member-usuals-remove">
                                        <a href="#" class="action-removeFromUsuals usuals-remove">Remove from list <span class="accessibility">Smith's Crinkle Cut Variety Multipack 20 pack</span></a>
                                    </div>
                                    <div class="list">
                                        <a href="#" class="action-addToList action-list-add">Add to list <span class="accessibility">Smith's Crinkle Cut Variety Multipack 20 pack</span></a>
                                    </div>
                                    <div class="member-list-add">
                                        <a href="#" class="action-addToList action-list-add">Add to another list <span class="accessibility">Smith's Crinkle Cut Variety Multipack 20 pack</span></a>
                                    </div>
                                    <div class="member-list-remove">
                                        <a href="#" class="action-removeFromList">Remove from list <span class="accessibility">Smith's Crinkle Cut Variety Multipack 20 pack</span></a>
                                    </div>
                                    <div class="compareProd" role="presentation" aria-hidden="true">
                                        <a href="#" class="compare compare-add">Compare</a>
                                    </div>
                                    <a href="http://shop.coles.com.au/online/national/smiths-potato-chips-crinkle-cut-flavour-mix" class="product-url accessibility">More details for Smith's&nbsp;Crinkle Cut Variety Multipack</a>
                                </div>
                                <div role="presentation" aria-hidden="true" id="share" class="share" data-social="{productImgUrl:'http://shop.coles.com.au:27900/wcsstore/Coles-CAS/images/4/8/2/4826829-th.jpg'
	                                               ,productDisplayUrl:'http://shop.coles.com.au/online/national/smiths-potato-chips-crinkle-cut-flavour-mix'
	                                               ,title:'Smith's Crinkle Cut Variety Multipack '
	                                               ,description:''}">
                                </div>
                            </div>
                        </div>
                    </form>
                </div>
                <span class="available hidden"></span>
                <div class="outer-prod prodtile" data-refresh="{
					catalogId: &quot;10576&quot;,
					doInventory: &quot;N&quot;,
					fulfillmentCenterId: &quot;11576&quot;,
					forStoreId: &quot;10401&quot;,

					productDisplayURL: &quot;http://shop.coles.com.au/online/national/burger-rings-169985p&quot;
			}">
                    <form id="catEntryForm_87353" name="catEntryForm_87353" action="AjaxOrderChangeServiceItemAdd">
                        <div class=" " data-catentry="catEntry_87353" data-refresh="{
				addCalculationUsage: &quot;-1&quot;,
				langId: &quot;-1&quot;,
				storeId: &quot;10601&quot;,
				catEntryId: &quot;87353&quot;,
				catEntryName: &quot;Burger Rings&quot;,
				productView: &quot;list&quot;,
				productId: &quot;87353&quot;,
				itemId: &quot;149163&quot;,
				hideMultibuy: &quot;false&quot;,
                ticketType: &quot;&quot;,
                partNumber: &quot;169985&quot;,
                offerCode: &quot;20160224&quot;
		}">
                            <div class="wrapper clearfix">
                                <h4 class="accessibility" id="heading_87353" tabindex="-1"> Smith's&nbsp;Burger Rings&nbsp; 90g&nbsp; </h4>
                                <div class="offer-icon"></div>
                                <a role="presentation" aria-hidden="true" class="product-url" href="http://shop.coles.com.au/online/national/burger-rings-169985p"> <img role="presentation" aria-hidden="true" class="photo" src="/wcsstore/Coles-CAS/images/1/6/9/169985-th.jpg" onerror="this.src='/wcsstore/ColesStorefrontAssetStore/dist/1c712c4fe3ca/images/spacer.gif'" alt="Burger Rings" width="110" height="110"> </a>
                                <div class="detail">
                                    <span role="presentation" aria-hidden="true" class="brand">Smith's</span>
                                    <span class="item" role="presentation" aria-hidden="true"> <a role="presentation" aria-hidden="true" class="product-url" href="http://shop.coles.com.au/online/national/burger-rings-169985p"> Burger Rings&nbsp; 90g </a> </span>
                                    <span class="size"> </span>
                                </div>
                                <div class="purchasing">
                                    <div class="saving">
                                    </div>
                                    <div class="price">
                                        <span class="accessibility">Purchase price </span>
                                        <small>$</small>1.98
                                    </div>
                                    <div class="unit-price">
                                        <span class="accessibility">Unit price </span>$2.20 per 100G
                                    </div>
                                    <div class="special-offer">
                                    </div>
                                    <div class="availability">
                                        Temporarily unavailable
                                    </div>
                                    <div class="purchase">
                                        <input type="number" title="Add Quantity for Smith's Burger Rings 90g" name="quantity" id="catEntry_87353_qty" value="1" maxlength="2" size="2" class="v-mandatory v-numeric v-minval-1">
                                        <button role="button" type="submit" title="Add to trolley&nbsp;Smith's Burger Rings 90g" class="btn-red action-addToTrolley"><span role="presentation" aria-hidden="true">Add to trolley</span></button>
                                    </div>
                                </div>
                                <div class="lists">
                                </div>
                                <div class="actions">
                                    <div class="MUItemForTrolleyDiv MUItemForTrolley_149163" data-catentry="149163">
                                        <div class="MUul_149163">
                                            <div class="MUli_149163 hidden" aria-hidden="true">
                                                <span class="inTrolley"><span class="MUSpan_149163">0</span> in trolley</span>
                                            </div>
                                        </div>
                                    </div>
                                    <p class="clear"></p>
                                    <div class="member-usuals-remove">
                                        <a href="#" class="action-removeFromUsuals usuals-remove">Remove from list <span class="accessibility">Smith's Burger Rings 90g</span></a>
                                    </div>
                                    <div class="list">
                                        <a href="#" class="action-addToList action-list-add">Add to list <span class="accessibility">Smith's Burger Rings 90g</span></a>
                                    </div>
                                    <div class="member-list-add">
                                        <a href="#" class="action-addToList action-list-add">Add to another list <span class="accessibility">Smith's Burger Rings 90g</span></a>
                                    </div>
                                    <div class="member-list-remove">
                                        <a href="#" class="action-removeFromList">Remove from list <span class="accessibility">Smith's Burger Rings 90g</span></a>
                                    </div>
                                    <div class="compareProd" role="presentation" aria-hidden="true">
                                        <a href="#" class="compare compare-add">Compare</a>
                                    </div>
                                    <a href="http://shop.coles.com.au/online/national/burger-rings-169985p" class="product-url accessibility">More details for Smith's&nbsp;Burger Rings</a>
                                </div>
                                <div role="presentation" aria-hidden="true" id="share" class="share" data-social="{productImgUrl:'http://shop.coles.com.au:27900/wcsstore/Coles-CAS/images/1/6/9/169985-th.jpg'
	                                               ,productDisplayUrl:'http://shop.coles.com.au/online/national/burger-rings-169985p'
	                                               ,title:'Smith's Burger Rings '
	                                               ,description:'Big burger taste.'}">
                                </div>
                            </div>
                        </div>
                    </form>
                </div>
                <span class="available hidden"></span>
                <div class="outer-prod prodtile" data-refresh="{
					catalogId: &quot;10576&quot;,
					doInventory: &quot;N&quot;,
					fulfillmentCenterId: &quot;11576&quot;,
					forStoreId: &quot;10401&quot;,

					productDisplayURL: &quot;http://shop.coles.com.au/online/national/twisties-cheese-158515p&quot;
			}">
                    <form id="catEntryForm_88484" name="catEntryForm_88484" action="AjaxOrderChangeServiceItemAdd">
                        <div class=" " data-catentry="catEntry_88484" data-refresh="{
				addCalculationUsage: &quot;-1&quot;,
				langId: &quot;-1&quot;,
				storeId: &quot;10601&quot;,
				catEntryId: &quot;88484&quot;,
				catEntryName: &quot;Cheese Twisties&quot;,
				productView: &quot;list&quot;,
				productId: &quot;88484&quot;,
				itemId: &quot;147974&quot;,
				hideMultibuy: &quot;false&quot;,
                ticketType: &quot;&quot;,
                partNumber: &quot;158515&quot;,
                offerCode: &quot;20160224&quot;
		}">
                            <div class="wrapper clearfix">
                                <h4 class="accessibility" id="heading_88484" tabindex="-1"> Smith's&nbsp;Cheese Twisties&nbsp; 90g&nbsp; </h4>
                                <div class="offer-icon"></div>
                                <a role="presentation" aria-hidden="true" class="product-url" href="http://shop.coles.com.au/online/national/twisties-cheese-158515p"> <img role="presentation" aria-hidden="true" class="photo" src="/wcsstore/Coles-CAS/images/1/5/8/158515-th.jpg" onerror="this.src='/wcsstore/ColesStorefrontAssetStore/dist/1c712c4fe3ca/images/spacer.gif'" alt="Cheese Twisties" width="110" height="110"> </a>
                                <div class="detail">
                                    <span role="presentation" aria-hidden="true" class="brand">Smith's</span>
                                    <span class="item" role="presentation" aria-hidden="true"> <a role="presentation" aria-hidden="true" class="product-url" href="http://shop.coles.com.au/online/national/twisties-cheese-158515p"> Cheese Twisties&nbsp; 90g </a> </span>
                                    <span class="size"> </span>
                                </div>
                                <div class="purchasing">
                                    <div class="saving">
                                    </div>
                                    <div class="price">
                                        <span class="accessibility">Purchase price </span>
                                        <small>$</small>1.98
                                    </div>
                                    <div class="unit-price">
                                        <span class="accessibility">Unit price </span>$2.20 per 100G
                                    </div>
                                    <div class="special-offer">
                                    </div>
                                    <div class="availability">
                                        Temporarily unavailable
                                    </div>
                                    <div class="purchase">
                                        <input type="number" title="Add Quantity for Smith's Cheese Twisties 90g" name="quantity" id="catEntry_88484_qty" value="1" maxlength="2" size="2" class="v-mandatory v-numeric v-minval-1">
                                        <button role="button" type="submit" title="Add to trolley&nbsp;Smith's Cheese Twisties 90g" class="btn-red action-addToTrolley"><span role="presentation" aria-hidden="true">Add to trolley</span></button>
                                    </div>
                                </div>
                                <div class="lists">
                                </div>
                                <div class="actions">
                                    <div class="MUItemForTrolleyDiv MUItemForTrolley_147974" data-catentry="147974">
                                        <div class="MUul_147974">
                                            <div class="MUli_147974 hidden" aria-hidden="true">
                                                <span class="inTrolley"><span class="MUSpan_147974">0</span> in trolley</span>
                                            </div>
                                        </div>
                                    </div>
                                    <p class="clear"></p>
                                    <div class="member-usuals-remove">
                                        <a href="#" class="action-removeFromUsuals usuals-remove">Remove from list <span class="accessibility">Smith's Cheese Twisties 90g</span></a>
                                    </div>
                                    <div class="list">
                                        <a href="#" class="action-addToList action-list-add">Add to list <span class="accessibility">Smith's Cheese Twisties 90g</span></a>
                                    </div>
                                    <div class="member-list-add">
                                        <a href="#" class="action-addToList action-list-add">Add to another list <span class="accessibility">Smith's Cheese Twisties 90g</span></a>
                                    </div>
                                    <div class="member-list-remove">
                                        <a href="#" class="action-removeFromList">Remove from list <span class="accessibility">Smith's Cheese Twisties 90g</span></a>
                                    </div>
                                    <div class="compareProd" role="presentation" aria-hidden="true">
                                        <a href="#" class="compare compare-add">Compare</a>
                                    </div>
                                    <a href="http://shop.coles.com.au/online/national/twisties-cheese-158515p" class="product-url accessibility">More details for Smith's&nbsp;Cheese Twisties</a>
                                </div>
                                <div role="presentation" aria-hidden="true" id="share" class="share" data-social="{productImgUrl:'http://shop.coles.com.au:27900/wcsstore/Coles-CAS/images/1/5/8/158515-th.jpg'
	                                               ,productDisplayUrl:'http://shop.coles.com.au/online/national/twisties-cheese-158515p'
	                                               ,title:'Smith's Cheese Twisties '
	                                               ,description:' '}">
                                </div>
                            </div>
                        </div>
                    </form>
                </div>
                <span class="available hidden"></span>
                <div class="outer-prod prodtile" data-refresh="{
					catalogId: &quot;10576&quot;,
					doInventory: &quot;N&quot;,
					fulfillmentCenterId: &quot;11576&quot;,
					forStoreId: &quot;10401&quot;,

					productDisplayURL: &quot;http://shop.coles.com.au/online/national/twisties-chicken&quot;
			}">
                    <form id="catEntryForm_89606" name="catEntryForm_89606" action="AjaxOrderChangeServiceItemAdd">
                        <div class=" " data-catentry="catEntry_89606" data-refresh="{
				addCalculationUsage: &quot;-1&quot;,
				langId: &quot;-1&quot;,
				storeId: &quot;10601&quot;,
				catEntryId: &quot;89606&quot;,
				catEntryName: &quot;Chicken Twisties&quot;,
				productView: &quot;list&quot;,
				productId: &quot;89606&quot;,
				itemId: &quot;148550&quot;,
				hideMultibuy: &quot;false&quot;,
                ticketType: &quot;&quot;,
                partNumber: &quot;239990&quot;,
                offerCode: &quot;20160224&quot;
		}">
                            <div class="wrapper clearfix">
                                <h4 class="accessibility" id="heading_89606" tabindex="-1"> Smith's&nbsp;Chicken Twisties&nbsp; 90g&nbsp; </h4>
                                <div class="offer-icon"></div>
                                <a role="presentation" aria-hidden="true" class="product-url" href="http://shop.coles.com.au/online/national/twisties-chicken"> <img role="presentation" aria-hidden="true" class="photo" src="/wcsstore/Coles-CAS/images/2/3/9/239990-th.jpg" onerror="this.src='/wcsstore/ColesStorefrontAssetStore/dist/1c712c4fe3ca/images/spacer.gif'" alt="Chicken Twisties" width="110" height="110"> </a>
                                <div class="detail">
                                    <span role="presentation" aria-hidden="true" class="brand">Smith's</span>
                                    <span class="item" role="presentation" aria-hidden="true"> <a role="presentation" aria-hidden="true" class="product-url" href="http://shop.coles.com.au/online/national/twisties-chicken"> Chicken Twisties&nbsp; 90g </a> </span>
                                    <span class="size"> </span>
                                </div>
                                <div class="purchasing">
                                    <div class="saving">
                                    </div>
                                    <div class="price">
                                        <span class="accessibility">Purchase price </span>
                                        <small>$</small>1.98
                                    </div>
                                    <div class="unit-price">
                                        <span class="accessibility">Unit price </span>$2.20 per 100G
                                    </div>
                                    <div class="special-offer">
                                    </div>
                                    <div class="availability">
                                        Temporarily unavailable
                                    </div>
                                    <div class="purchase">
                                        <input type="number" title="Add Quantity for Smith's Chicken Twisties 90g" name="quantity" id="catEntry_89606_qty" value="1" maxlength="2" size="2" class="v-mandatory v-numeric v-minval-1">
                                        <button role="button" type="submit" title="Add to trolley&nbsp;Smith's Chicken Twisties 90g" class="btn-red action-addToTrolley"><span role="presentation" aria-hidden="true">Add to trolley</span></button>
                                    </div>
                                </div>
                                <div class="lists">
                                </div>
                                <div class="actions">
                                    <div class="MUItemForTrolleyDiv MUItemForTrolley_148550" data-catentry="148550">
                                        <div class="MUul_148550">
                                            <div class="MUli_148550 hidden" aria-hidden="true">
                                                <span class="inTrolley"><span class="MUSpan_148550">0</span> in trolley</span>
                                            </div>
                                        </div>
                                    </div>
                                    <p class="clear"></p>
                                    <div class="member-usuals-remove">
                                        <a href="#" class="action-removeFromUsuals usuals-remove">Remove from list <span class="accessibility">Smith's Chicken Twisties 90g</span></a>
                                    </div>
                                    <div class="list">
                                        <a href="#" class="action-addToList action-list-add">Add to list <span class="accessibility">Smith's Chicken Twisties 90g</span></a>
                                    </div>
                                    <div class="member-list-add">
                                        <a href="#" class="action-addToList action-list-add">Add to another list <span class="accessibility">Smith's Chicken Twisties 90g</span></a>
                                    </div>
                                    <div class="member-list-remove">
                                        <a href="#" class="action-removeFromList">Remove from list <span class="accessibility">Smith's Chicken Twisties 90g</span></a>
                                    </div>
                                    <div class="compareProd" role="presentation" aria-hidden="true">
                                        <a href="#" class="compare compare-add">Compare</a>
                                    </div>
                                    <a href="http://shop.coles.com.au/online/national/twisties-chicken" class="product-url accessibility">More details for Smith's&nbsp;Chicken Twisties</a>
                                </div>
                                <div role="presentation" aria-hidden="true" id="share" class="share" data-social="{productImgUrl:'http://shop.coles.com.au:27900/wcsstore/Coles-CAS/images/2/3/9/239990-th.jpg'
	                                               ,productDisplayUrl:'http://shop.coles.com.au/online/national/twisties-chicken'
	                                               ,title:'Smith's Chicken Twisties '
	                                               ,description:''}">
                                </div>
                            </div>
                        </div>
                    </form>
                </div>
                <span class="available hidden"></span>
                <div class="outer-prod prodtile" data-refresh="{
					catalogId: &quot;10576&quot;,
					doInventory: &quot;N&quot;,
					fulfillmentCenterId: &quot;11576&quot;,
					forStoreId: &quot;10401&quot;,

					productDisplayURL: &quot;http://shop.coles.com.au/online/national/smiths-potato-chips-thin-sliced-sour-cream-onion&quot;
			}">
                    <form id="catEntryForm_75969" name="catEntryForm_75969" action="AjaxOrderChangeServiceItemAdd">
                        <div class=" " data-catentry="catEntry_75969" data-refresh="{
				addCalculationUsage: &quot;-1&quot;,
				langId: &quot;-1&quot;,
				storeId: &quot;10601&quot;,
				catEntryId: &quot;75969&quot;,
				catEntryName: &quot;Thinly Cut Sour Cream &amp; Onion Potato Chips&quot;,
				productView: &quot;list&quot;,
				productId: &quot;75969&quot;,
				itemId: &quot;138607&quot;,
				hideMultibuy: &quot;false&quot;,
                ticketType: &quot;&quot;,
                partNumber: &quot;5706276&quot;,
                offerCode: &quot;20160113&quot;
		}">
                            <div class="wrapper clearfix">
                                <h4 class="accessibility" id="heading_75969" tabindex="-1"> Smith's&nbsp;Thinly Cut Sour Cream &amp; Onion Potato Chips&nbsp; 175g&nbsp; </h4>
                                <div class="offer-icon"></div>
                                <a role="presentation" aria-hidden="true" class="product-url" href="http://shop.coles.com.au/online/national/smiths-potato-chips-thin-sliced-sour-cream-onion"> <img role="presentation" aria-hidden="true" class="photo" src="/wcsstore/Coles-CAS/images/5/7/0/5706276-th.jpg" onerror="this.src='/wcsstore/ColesStorefrontAssetStore/dist/1c712c4fe3ca/images/spacer.gif'" alt="Thinly Cut Sour Cream &amp; Onion Potato Chips" width="110" height="110"> </a>
                                <div class="detail">
                                    <span role="presentation" aria-hidden="true" class="brand">Smith's</span>
                                    <span class="item" role="presentation" aria-hidden="true"> <a role="presentation" aria-hidden="true" class="product-url" href="http://shop.coles.com.au/online/national/smiths-potato-chips-thin-sliced-sour-cream-onion"> Thinly Cut Sour Cream &amp; Onion Potato Chips&nbsp; 175g </a> </span>
                                    <span class="size"> </span>
                                </div>
                                <div class="purchasing">
                                    <div class="saving">
                                    </div>
                                    <div class="price">
                                        <span class="accessibility">Purchase price </span>
                                        <small>$</small>3.51
                                    </div>
                                    <div class="unit-price">
                                        <span class="accessibility">Unit price </span>$2.01 per 100G
                                    </div>
                                    <div class="special-offer">
                                    </div>
                                    <div class="availability">
                                        Temporarily unavailable
                                    </div>
                                    <div class="purchase">
                                        <input type="number" title="Add Quantity for Smith's Thinly Cut Sour Cream &amp; Onion Potato Chips 175g" name="quantity" id="catEntry_75969_qty" value="1" maxlength="2" size="2" class="v-mandatory v-numeric v-minval-1">
                                        <button role="button" type="submit" title="Add to trolley&nbsp;Smith's Thinly Cut Sour Cream &amp; Onion Potato Chips 175g" class="btn-red action-addToTrolley"><span role="presentation" aria-hidden="true">Add to trolley</span></button>
                                    </div>
                                </div>
                                <div class="lists">
                                </div>
                                <div class="actions">
                                    <div class="MUItemForTrolleyDiv MUItemForTrolley_138607" data-catentry="138607">
                                        <div class="MUul_138607">
                                            <div class="MUli_138607 hidden" aria-hidden="true">
                                                <span class="inTrolley"><span class="MUSpan_138607">0</span> in trolley</span>
                                            </div>
                                        </div>
                                    </div>
                                    <p class="clear"></p>
                                    <div class="member-usuals-remove">
                                        <a href="#" class="action-removeFromUsuals usuals-remove">Remove from list <span class="accessibility">Smith's Thinly Cut Sour Cream &amp; Onion Potato Chips 175g</span></a>
                                    </div>
                                    <div class="list">
                                        <a href="#" class="action-addToList action-list-add">Add to list <span class="accessibility">Smith's Thinly Cut Sour Cream &amp; Onion Potato Chips 175g</span></a>
                                    </div>
                                    <div class="member-list-add">
                                        <a href="#" class="action-addToList action-list-add">Add to another list <span class="accessibility">Smith's Thinly Cut Sour Cream &amp; Onion Potato Chips 175g</span></a>
                                    </div>
                                    <div class="member-list-remove">
                                        <a href="#" class="action-removeFromList">Remove from list <span class="accessibility">Smith's Thinly Cut Sour Cream &amp; Onion Potato Chips 175g</span></a>
                                    </div>
                                    <div class="compareProd" role="presentation" aria-hidden="true">
                                        <a href="#" class="compare compare-add">Compare</a>
                                    </div>
                                    <a href="http://shop.coles.com.au/online/national/smiths-potato-chips-thin-sliced-sour-cream-onion" class="product-url accessibility">More details for Smith's&nbsp;Thinly Cut Sour Cream &amp; Onion Potato Chips</a>
                                </div>
                                <div role="presentation" aria-hidden="true" id="share" class="share" data-social="{productImgUrl:'http://shop.coles.com.au:27900/wcsstore/Coles-CAS/images/5/7/0/5706276-th.jpg'
	                                               ,productDisplayUrl:'http://shop.coles.com.au/online/national/smiths-potato-chips-thin-sliced-sour-cream-onion'
	                                               ,title:'Smith's Thinly Cut Sour Cream &amp; Onion Potato Chips '
	                                               ,description:'Thinly cut flavoured potato chips with 75% less saturated fat.'}">
                                </div>
                            </div>
                        </div>
                    </form>
                </div>
                <span class="available hidden"></span>
                <div class="outer-prod prodtile" data-refresh="{
					catalogId: &quot;10576&quot;,
					doInventory: &quot;N&quot;,
					fulfillmentCenterId: &quot;11576&quot;,
					forStoreId: &quot;10401&quot;,

					productDisplayURL: &quot;http://shop.coles.com.au/online/national/smiths-potato-chips-thin-sliced-original&quot;
			}">
                    <form id="catEntryForm_79592" name="catEntryForm_79592" action="AjaxOrderChangeServiceItemAdd">
                        <div class=" " data-catentry="catEntry_79592" data-refresh="{
				addCalculationUsage: &quot;-1&quot;,
				langId: &quot;-1&quot;,
				storeId: &quot;10601&quot;,
				catEntryId: &quot;79592&quot;,
				catEntryName: &quot;Thinly Cut Original Potato Chips&quot;,
				productView: &quot;list&quot;,
				productId: &quot;79592&quot;,
				itemId: &quot;138609&quot;,
				hideMultibuy: &quot;false&quot;,
                ticketType: &quot;&quot;,
                partNumber: &quot;5706221&quot;,
                offerCode: &quot;20160113&quot;
		}">
                            <div class="wrapper clearfix">
                                <h4 class="accessibility" id="heading_79592" tabindex="-1"> Smith's&nbsp;Thinly Cut Original Potato Chips&nbsp; 175g&nbsp; </h4>
                                <div class="offer-icon"></div>
                                <a role="presentation" aria-hidden="true" class="product-url" href="http://shop.coles.com.au/online/national/smiths-potato-chips-thin-sliced-original"> <img role="presentation" aria-hidden="true" class="photo" src="/wcsstore/Coles-CAS/images/5/7/0/5706221-th.jpg" onerror="this.src='/wcsstore/ColesStorefrontAssetStore/dist/1c712c4fe3ca/images/spacer.gif'" alt="Thinly Cut Original Potato Chips" width="110" height="110"> </a>
                                <div class="detail">
                                    <span role="presentation" aria-hidden="true" class="brand">Smith's</span>
                                    <span class="item" role="presentation" aria-hidden="true"> <a role="presentation" aria-hidden="true" class="product-url" href="http://shop.coles.com.au/online/national/smiths-potato-chips-thin-sliced-original"> Thinly Cut Original Potato Chips&nbsp; 175g </a> </span>
                                    <span class="size"> </span>
                                </div>
                                <div class="purchasing">
                                    <div class="saving">
                                    </div>
                                    <div class="price">
                                        <span class="accessibility">Purchase price </span>
                                        <small>$</small>3.51
                                    </div>
                                    <div class="unit-price">
                                        <span class="accessibility">Unit price </span>$2.01 per 100G
                                    </div>
                                    <div class="special-offer">
                                    </div>
                                    <div class="availability">
                                        Temporarily unavailable
                                    </div>
                                    <div class="purchase">
                                        <input type="number" title="Add Quantity for Smith's Thinly Cut Original Potato Chips 175g" name="quantity" id="catEntry_79592_qty" value="1" maxlength="2" size="2" class="v-mandatory v-numeric v-minval-1">
                                        <button role="button" type="submit" title="Add to trolley&nbsp;Smith's Thinly Cut Original Potato Chips 175g" class="btn-red action-addToTrolley"><span role="presentation" aria-hidden="true">Add to trolley</span></button>
                                    </div>
                                </div>
                                <div class="lists">
                                </div>
                                <div class="actions">
                                    <div class="MUItemForTrolleyDiv MUItemForTrolley_138609" data-catentry="138609">
                                        <div class="MUul_138609">
                                            <div class="MUli_138609 hidden" aria-hidden="true">
                                                <span class="inTrolley"><span class="MUSpan_138609">0</span> in trolley</span>
                                            </div>
                                        </div>
                                    </div>
                                    <p class="clear"></p>
                                    <div class="member-usuals-remove">
                                        <a href="#" class="action-removeFromUsuals usuals-remove">Remove from list <span class="accessibility">Smith's Thinly Cut Original Potato Chips 175g</span></a>
                                    </div>
                                    <div class="list">
                                        <a href="#" class="action-addToList action-list-add">Add to list <span class="accessibility">Smith's Thinly Cut Original Potato Chips 175g</span></a>
                                    </div>
                                    <div class="member-list-add">
                                        <a href="#" class="action-addToList action-list-add">Add to another list <span class="accessibility">Smith's Thinly Cut Original Potato Chips 175g</span></a>
                                    </div>
                                    <div class="member-list-remove">
                                        <a href="#" class="action-removeFromList">Remove from list <span class="accessibility">Smith's Thinly Cut Original Potato Chips 175g</span></a>
                                    </div>
                                    <div class="compareProd" role="presentation" aria-hidden="true">
                                        <a href="#" class="compare compare-add">Compare</a>
                                    </div>
                                    <a href="http://shop.coles.com.au/online/national/smiths-potato-chips-thin-sliced-original" class="product-url accessibility">More details for Smith's&nbsp;Thinly Cut Original Potato Chips</a>
                                </div>
                                <div role="presentation" aria-hidden="true" id="share" class="share" data-social="{productImgUrl:'http://shop.coles.com.au:27900/wcsstore/Coles-CAS/images/5/7/0/5706221-th.jpg'
	                                               ,productDisplayUrl:'http://shop.coles.com.au/online/national/smiths-potato-chips-thin-sliced-original'
	                                               ,title:'Smith's Thinly Cut Original Potato Chips '
	                                               ,description:''}">
                                </div>
                            </div>
                        </div>
                    </form>
                </div>
                <span class="available hidden"></span>
                <div class="outer-prod prodtile" data-refresh="{
					catalogId: &quot;10576&quot;,
					doInventory: &quot;N&quot;,
					fulfillmentCenterId: &quot;11576&quot;,
					forStoreId: &quot;10401&quot;,

					productDisplayURL: &quot;http://shop.coles.com.au/online/national/grainwaves-chips-sour-cream-chives-multi-5-pack&quot;
			}">
                    <form id="catEntryForm_47376" name="catEntryForm_47376" action="AjaxOrderChangeServiceItemAdd">
                        <div class="promo multiBuy " data-catentry="catEntry_47376" data-refresh="{
				addCalculationUsage: &quot;-1&quot;,
				langId: &quot;-1&quot;,
				storeId: &quot;10601&quot;,
				catEntryId: &quot;47376&quot;,
				catEntryName: &quot;Sour Cream &amp; Chives Grainwaves 5 pack&quot;,
				productView: &quot;list&quot;,
				productId: &quot;47376&quot;,
				itemId: &quot;166218&quot;,
				hideMultibuy: &quot;false&quot;,
                ticketType: &quot;M&quot;,
                partNumber: &quot;9283040&quot;,
                offerCode: &quot;20150210&quot;
		}">
                            <div class="wrapper clearfix">
                                <h4 class="accessibility" id="heading_47376" tabindex="-1"> Smith's&nbsp;Sour Cream &amp; Chives Grainwaves 5 pack&nbsp; 110g&nbsp; On special </h4>
                                <div class="offer-icon"></div>
                                <a role="presentation" aria-hidden="true" class="product-url" href="http://shop.coles.com.au/online/national/grainwaves-chips-sour-cream-chives-multi-5-pack"> <img role="presentation" aria-hidden="true" class="photo" src="/wcsstore/Coles-CAS/images/9/2/8/9283040-th.jpg" onerror="this.src='/wcsstore/ColesStorefrontAssetStore/dist/1c712c4fe3ca/images/spacer.gif'" alt="Sour Cream &amp; Chives Grainwaves 5 pack" width="110" height="110"> </a>
                                <div class="detail">
                                    <span role="presentation" aria-hidden="true" class="brand">Smith's</span>
                                    <span class="item" role="presentation" aria-hidden="true"> <a role="presentation" aria-hidden="true" class="product-url" href="http://shop.coles.com.au/online/national/grainwaves-chips-sour-cream-chives-multi-5-pack"> Sour Cream &amp; Chives Grainwaves 5 pack&nbsp; 110g </a> </span>
                                    <span class="size"> </span>
                                </div>
                                <div class="purchasing" data-promotion="{qualifier: &quot;2&quot;,promotionId: &quot;10110039&quot;,catEntryIds: &quot;10211,11206,12117,13807,14083,14530,16667,17765,17777,18813,18818,19869,20270,25042,47376,56111,57977,67235,67917,71980,72675,73291,73292,73783,74413,77541,78205,86563,87922,87923,89065,107116,182165,182272,182307,182398,182399,244526,244530,256528,256591,322001,322002,322005,346050,347583,411505,444507,444525,444526,445001,445002,445003,445004,445005,445006,445009,445010,445011,445012,454512,454525,454526,454527,520017&quot;}">
                                    <div class="offer-detail">
                                        2 for $5
                                    </div>
                                    <div class="offer-price">
                                        SAVE&nbsp;$1.90 / $2.27 per 100G
                                    </div>
                                    <div class="availability">
                                        Temporarily unavailable
                                    </div>
                                    <div class="offer-purchase">
                                        <button type="button" value="Choose any 2" class="btn-red action-addMultibuyToTrolley">Choose any 2</button>
                                    </div>
                                    <div class="or">
                                        <span>OR</span>
                                    </div>
                                    <div class="std-price">
                                        1 for $3.45&nbsp;/&nbsp;$3.14 per 100G
                                    </div>
                                    <div class="availability">
                                        Temporarily unavailable
                                    </div>
                                    <div class="std-purchase">
                                        <input type="number" title="Add Quantity for Smith's Sour Cream &amp; Chives Grainwaves 5 pack 110g" name="quantity" id="catEntry_47376_qty" value="1" maxlength="2" size="2" class="v-mandatory v-numeric v-minval-1">
                                        <button role="button" type="submit" title="Add to trolley&nbsp;Smith's Sour Cream &amp; Chives Grainwaves 5 pack 110g" class="btn-red action-addToTrolley"><span role="presentation" aria-hidden="true">Add to trolley</span></button>
                                    </div>
                                </div>
                                <div class="actions">
                                    <div class="MUItemForTrolleyDiv MUItemForTrolley_166218" data-catentry="166218">
                                        <div class="MUul_166218">
                                            <div class="MUli_166218 hidden" aria-hidden="true">
                                                <span class="inTrolley"><span class="MUSpan_166218">0</span> in trolley</span>
                                            </div>
                                        </div>
                                    </div>
                                    <p class="clear"></p>
                                    <div class="member-usuals-remove">
                                        <a href="#" class="action-removeFromUsuals usuals-remove">Remove from list <span class="accessibility">Smith's Sour Cream &amp; Chives Grainwaves 5 pack 110g</span></a>
                                    </div>
                                    <div class="list">
                                        <a href="#" class="action-addToList action-list-add">Add to list <span class="accessibility">Smith's Sour Cream &amp; Chives Grainwaves 5 pack 110g</span></a>
                                    </div>
                                    <div class="member-list-add">
                                        <a href="#" class="action-addToList action-list-add">Add to another list <span class="accessibility">Smith's Sour Cream &amp; Chives Grainwaves 5 pack 110g</span></a>
                                    </div>
                                    <div class="member-list-remove">
                                        <a href="#" class="action-removeFromList">Remove from list <span class="accessibility">Smith's Sour Cream &amp; Chives Grainwaves 5 pack 110g</span></a>
                                    </div>
                                    <div class="compareProd" role="presentation" aria-hidden="true">
                                        <a href="#" class="compare compare-add">Compare</a>
                                    </div>
                                    <a href="http://shop.coles.com.au/online/national/grainwaves-chips-sour-cream-chives-multi-5-pack" class="product-url accessibility">More details for Smith's&nbsp;Sour Cream &amp; Chives Grainwaves 5 pack</a>
                                </div>
                                <div role="presentation" aria-hidden="true" id="share" class="share" data-social="{productImgUrl:'http://shop.coles.com.au:27900/wcsstore/Coles-CAS/images/9/2/8/9283040-th.jpg'
	                                               ,productDisplayUrl:'http://shop.coles.com.au/online/national/grainwaves-chips-sour-cream-chives-multi-5-pack'
	                                               ,title:'Smith's Sour Cream &amp; Chives Grainwaves 5 pack '
	                                               ,description:''}">
                                </div>
                            </div>
                        </div>
                    </form>
                </div>
                <span class="available hidden"></span>
                <div class="outer-prod prodtile" data-refresh="{
					catalogId: &quot;10576&quot;,
					doInventory: &quot;N&quot;,
					fulfillmentCenterId: &quot;11576&quot;,
					forStoreId: &quot;10401&quot;,

					productDisplayURL: &quot;http://shop.coles.com.au/online/national/twisties-cheese&quot;
			}">
                    <form id="catEntryForm_67235" name="catEntryForm_67235" action="AjaxOrderChangeServiceItemAdd">
                        <div class="promo multiBuy " data-catentry="catEntry_67235" data-refresh="{
				addCalculationUsage: &quot;-1&quot;,
				langId: &quot;-1&quot;,
				storeId: &quot;10601&quot;,
				catEntryId: &quot;67235&quot;,
				catEntryName: &quot;Cheese Twisties 6 pack&quot;,
				productView: &quot;list&quot;,
				productId: &quot;67235&quot;,
				itemId: &quot;132631&quot;,
				hideMultibuy: &quot;false&quot;,
                ticketType: &quot;M&quot;,
                partNumber: &quot;7118188&quot;,
                offerCode: &quot;20150210&quot;
		}">
                            <div class="wrapper clearfix">
                                <h4 class="accessibility" id="heading_67235" tabindex="-1"> Smith's&nbsp;Cheese Twisties 6 pack&nbsp; 114g&nbsp; On special </h4>
                                <div class="offer-icon"></div>
                                <a role="presentation" aria-hidden="true" class="product-url" href="http://shop.coles.com.au/online/national/twisties-cheese"> <img role="presentation" aria-hidden="true" class="photo" src="/wcsstore/Coles-CAS/images/7/1/1/7118188-th.jpg" onerror="this.src='/wcsstore/ColesStorefrontAssetStore/dist/1c712c4fe3ca/images/spacer.gif'" alt="Cheese Twisties 6 pack" width="110" height="110"> </a>
                                <div class="detail">
                                    <span role="presentation" aria-hidden="true" class="brand">Smith's</span>
                                    <span class="item" role="presentation" aria-hidden="true"> <a role="presentation" aria-hidden="true" class="product-url" href="http://shop.coles.com.au/online/national/twisties-cheese"> Cheese Twisties 6 pack&nbsp; 114g </a> </span>
                                    <span class="size"> </span>
                                </div>
                                <div class="purchasing" data-promotion="{qualifier: &quot;2&quot;,promotionId: &quot;10110039&quot;,catEntryIds: &quot;10211,11206,12117,13807,14083,14530,16667,17765,17777,18813,18818,19869,20270,25042,47376,56111,57977,67235,67917,71980,72675,73291,73292,73783,74413,77541,78205,86563,87922,87923,89065,107116,182165,182272,182307,182398,182399,244526,244530,256528,256591,322001,322002,322005,346050,347583,411505,444507,444525,444526,445001,445002,445003,445004,445005,445006,445009,445010,445011,445012,454512,454525,454526,454527,520017&quot;}">
                                    <div class="offer-detail">
                                        2 for $5
                                    </div>
                                    <div class="offer-price">
                                        SAVE&nbsp;$1.90 / $2.19 per 100G
                                    </div>
                                    <div class="availability">
                                        Temporarily unavailable
                                    </div>
                                    <div class="offer-purchase">
                                        <button type="button" value="Choose any 2" class="btn-red action-addMultibuyToTrolley">Choose any 2</button>
                                    </div>
                                    <div class="or">
                                        <span>OR</span>
                                    </div>
                                    <div class="std-price">
                                        1 for $3.45&nbsp;/&nbsp;$3.03 per 100G
                                    </div>
                                    <div class="availability">
                                        Temporarily unavailable
                                    </div>
                                    <div class="std-purchase">
                                        <input type="number" title="Add Quantity for Smith's Cheese Twisties 6 pack 114g" name="quantity" id="catEntry_67235_qty" value="1" maxlength="2" size="2" class="v-mandatory v-numeric v-minval-1">
                                        <button role="button" type="submit" title="Add to trolley&nbsp;Smith's Cheese Twisties 6 pack 114g" class="btn-red action-addToTrolley"><span role="presentation" aria-hidden="true">Add to trolley</span></button>
                                    </div>
                                </div>
                                <div class="actions">
                                    <div class="MUItemForTrolleyDiv MUItemForTrolley_132631" data-catentry="132631">
                                        <div class="MUul_132631">
                                            <div class="MUli_132631 hidden" aria-hidden="true">
                                                <span class="inTrolley"><span class="MUSpan_132631">0</span> in trolley</span>
                                            </div>
                                        </div>
                                    </div>
                                    <p class="clear"></p>
                                    <div class="member-usuals-remove">
                                        <a href="#" class="action-removeFromUsuals usuals-remove">Remove from list <span class="accessibility">Smith's Cheese Twisties 6 pack 114g</span></a>
                                    </div>
                                    <div class="list">
                                        <a href="#" class="action-addToList action-list-add">Add to list <span class="accessibility">Smith's Cheese Twisties 6 pack 114g</span></a>
                                    </div>
                                    <div class="member-list-add">
                                        <a href="#" class="action-addToList action-list-add">Add to another list <span class="accessibility">Smith's Cheese Twisties 6 pack 114g</span></a>
                                    </div>
                                    <div class="member-list-remove">
                                        <a href="#" class="action-removeFromList">Remove from list <span class="accessibility">Smith's Cheese Twisties 6 pack 114g</span></a>
                                    </div>
                                    <div class="compareProd" role="presentation" aria-hidden="true">
                                        <a href="#" class="compare compare-add">Compare</a>
                                    </div>
                                    <a href="http://shop.coles.com.au/online/national/twisties-cheese" class="product-url accessibility">More details for Smith's&nbsp;Cheese Twisties 6 pack</a>
                                </div>
                                <div role="presentation" aria-hidden="true" id="share" class="share" data-social="{productImgUrl:'http://shop.coles.com.au:27900/wcsstore/Coles-CAS/images/7/1/1/7118188-th.jpg'
	                                               ,productDisplayUrl:'http://shop.coles.com.au/online/national/twisties-cheese'
	                                               ,title:'Smith's Cheese Twisties 6 pack  '
	                                               ,description:''}">
                                </div>
                            </div>
                        </div>
                    </form>
                </div>
                <span class="available hidden"></span>
                <div class="outer-prod prodtile" data-refresh="{
					catalogId: &quot;10576&quot;,
					doInventory: &quot;N&quot;,
					fulfillmentCenterId: &quot;11576&quot;,
					forStoreId: &quot;10401&quot;,

					productDisplayURL: &quot;http://shop.coles.com.au/online/national/smiths-potato-chips-crinkle-cut-original&quot;
			}">
                    <form id="catEntryForm_67917" name="catEntryForm_67917" action="AjaxOrderChangeServiceItemAdd">
                        <div class="promo multiBuy " data-catentry="catEntry_67917" data-refresh="{
				addCalculationUsage: &quot;-1&quot;,
				langId: &quot;-1&quot;,
				storeId: &quot;10601&quot;,
				catEntryId: &quot;67917&quot;,
				catEntryName: &quot;Crinkle Cut Original Potato Chips 6 pack&quot;,
				productView: &quot;list&quot;,
				productId: &quot;67917&quot;,
				itemId: &quot;130669&quot;,
				hideMultibuy: &quot;false&quot;,
                ticketType: &quot;M&quot;,
                partNumber: &quot;7117968&quot;,
                offerCode: &quot;20150210&quot;
		}">
                            <div class="wrapper clearfix">
                                <h4 class="accessibility" id="heading_67917" tabindex="-1"> Smith's&nbsp;Crinkle Cut Original Potato Chips 6 pack&nbsp; 114g&nbsp; On special </h4>
                                <div class="offer-icon"></div>
                                <a role="presentation" aria-hidden="true" class="product-url" href="http://shop.coles.com.au/online/national/smiths-potato-chips-crinkle-cut-original"> <img role="presentation" aria-hidden="true" class="photo" src="/wcsstore/Coles-CAS/images/7/1/1/7117968-th.jpg" onerror="this.src='/wcsstore/ColesStorefrontAssetStore/dist/1c712c4fe3ca/images/spacer.gif'" alt="Crinkle Cut Original Potato Chips 6 pack" width="110" height="110"> </a>
                                <div class="detail">
                                    <span role="presentation" aria-hidden="true" class="brand">Smith's</span>
                                    <span class="item" role="presentation" aria-hidden="true"> <a role="presentation" aria-hidden="true" class="product-url" href="http://shop.coles.com.au/online/national/smiths-potato-chips-crinkle-cut-original"> Crinkle Cut Original Potato Chips 6 pack&nbsp; 114g </a> </span>
                                    <span class="size"> </span>
                                </div>
                                <div class="purchasing" data-promotion="{qualifier: &quot;2&quot;,promotionId: &quot;10110039&quot;,catEntryIds: &quot;10211,11206,12117,13807,14083,14530,16667,17765,17777,18813,18818,19869,20270,25042,47376,56111,57977,67235,67917,71980,72675,73291,73292,73783,74413,77541,78205,86563,87922,87923,89065,107116,182165,182272,182307,182398,182399,244526,244530,256528,256591,322001,322002,322005,346050,347583,411505,444507,444525,444526,445001,445002,445003,445004,445005,445006,445009,445010,445011,445012,454512,454525,454526,454527,520017&quot;}">
                                    <div class="offer-detail">
                                        2 for $5
                                    </div>
                                    <div class="offer-price">
                                        SAVE&nbsp;$1.90 / $2.19 per 100G
                                    </div>
                                    <div class="availability">
                                        Temporarily unavailable
                                    </div>
                                    <div class="offer-purchase">
                                        <button type="button" value="Choose any 2" class="btn-red action-addMultibuyToTrolley">Choose any 2</button>
                                    </div>
                                    <div class="or">
                                        <span>OR</span>
                                    </div>
                                    <div class="std-price">
                                        1 for $3.45&nbsp;/&nbsp;$3.03 per 100G
                                    </div>
                                    <div class="availability">
                                        Temporarily unavailable
                                    </div>
                                    <div class="std-purchase">
                                        <input type="number" title="Add Quantity for Smith's Crinkle Cut Original Potato Chips 6 pack 114g" name="quantity" id="catEntry_67917_qty" value="1" maxlength="2" size="2" class="v-mandatory v-numeric v-minval-1">
                                        <button role="button" type="submit" title="Add to trolley&nbsp;Smith's Crinkle Cut Original Potato Chips 6 pack 114g" class="btn-red action-addToTrolley"><span role="presentation" aria-hidden="true">Add to trolley</span></button>
                                    </div>
                                </div>
                                <div class="actions">
                                    <div class="MUItemForTrolleyDiv MUItemForTrolley_130669" data-catentry="130669">
                                        <div class="MUul_130669">
                                            <div class="MUli_130669 hidden" aria-hidden="true">
                                                <span class="inTrolley"><span class="MUSpan_130669">0</span> in trolley</span>
                                            </div>
                                        </div>
                                    </div>
                                    <p class="clear"></p>
                                    <div class="member-usuals-remove">
                                        <a href="#" class="action-removeFromUsuals usuals-remove">Remove from list <span class="accessibility">Smith's Crinkle Cut Original Potato Chips 6 pack 114g</span></a>
                                    </div>
                                    <div class="list">
                                        <a href="#" class="action-addToList action-list-add">Add to list <span class="accessibility">Smith's Crinkle Cut Original Potato Chips 6 pack 114g</span></a>
                                    </div>
                                    <div class="member-list-add">
                                        <a href="#" class="action-addToList action-list-add">Add to another list <span class="accessibility">Smith's Crinkle Cut Original Potato Chips 6 pack 114g</span></a>
                                    </div>
                                    <div class="member-list-remove">
                                        <a href="#" class="action-removeFromList">Remove from list <span class="accessibility">Smith's Crinkle Cut Original Potato Chips 6 pack 114g</span></a>
                                    </div>
                                    <div class="compareProd" role="presentation" aria-hidden="true">
                                        <a href="#" class="compare compare-add">Compare</a>
                                    </div>
                                    <a href="http://shop.coles.com.au/online/national/smiths-potato-chips-crinkle-cut-original" class="product-url accessibility">More details for Smith's&nbsp;Crinkle Cut Original Potato Chips 6 pack</a>
                                </div>
                                <div role="presentation" aria-hidden="true" id="share" class="share" data-social="{productImgUrl:'http://shop.coles.com.au:27900/wcsstore/Coles-CAS/images/7/1/1/7117968-th.jpg'
	                                               ,productDisplayUrl:'http://shop.coles.com.au/online/national/smiths-potato-chips-crinkle-cut-original'
	                                               ,title:'Smith's Crinkle Cut Original Potato Chips 6 pack  '
	                                               ,description:''}">
                                </div>
                            </div>
                        </div>
                    </form>
                </div>
                <span class="available hidden"></span>
                <div class="outer-prod prodtile" data-refresh="{
					catalogId: &quot;10576&quot;,
					doInventory: &quot;N&quot;,
					fulfillmentCenterId: &quot;11576&quot;,
					forStoreId: &quot;10401&quot;,

					productDisplayURL: &quot;http://shop.coles.com.au/online/national/smiths-grain-waves-wholegrain-sour-cream-chives-7118360p&quot;
			}">
                    <form id="catEntryForm_73782" name="catEntryForm_73782" action="AjaxOrderChangeServiceItemAdd">
                        <div class="promo save " data-catentry="catEntry_73782" data-refresh="{
				addCalculationUsage: &quot;-1&quot;,
				langId: &quot;-1&quot;,
				storeId: &quot;10601&quot;,
				catEntryId: &quot;73782&quot;,
				catEntryName: &quot;Sour Cream &amp; Chives Grainwaves&quot;,
				productView: &quot;list&quot;,
				productId: &quot;73782&quot;,
				itemId: &quot;128869&quot;,
				hideMultibuy: &quot;false&quot;,
                ticketType: &quot;S&quot;,
                partNumber: &quot;7118360&quot;,
                offerCode: &quot;121178533&quot;
		}">
                            <div class="wrapper clearfix">
                                <h4 class="accessibility" id="heading_73782" tabindex="-1"> Smith's&nbsp;Sour Cream &amp; Chives Grainwaves&nbsp; 40g&nbsp; On special </h4>
                                <div class="offer-icon"></div>
                                <a role="presentation" aria-hidden="true" class="product-url" href="http://shop.coles.com.au/online/national/smiths-grain-waves-wholegrain-sour-cream-chives-7118360p"> <img role="presentation" aria-hidden="true" class="photo" src="/wcsstore/Coles-CAS/images/7/1/1/7118360-th.jpg" onerror="this.src='/wcsstore/ColesStorefrontAssetStore/dist/1c712c4fe3ca/images/spacer.gif'" alt="Sour Cream &amp; Chives Grainwaves" width="110" height="110"> </a>
                                <div class="detail">
                                    <span role="presentation" aria-hidden="true" class="brand">Smith's</span>
                                    <span class="item" role="presentation" aria-hidden="true"> <a role="presentation" aria-hidden="true" class="product-url" href="http://shop.coles.com.au/online/national/smiths-grain-waves-wholegrain-sour-cream-chives-7118360p"> Sour Cream &amp; Chives Grainwaves&nbsp; 40g </a> </span>
                                    <span class="size"> </span>
                                </div>
                                <div class="purchasing">
                                    <div class="saving">
                                        <span class="accessibility">Original price</span> was $1.60
                                        <span><span class="accessibility">You can</span> save $0.60</span>
                                    </div>
                                    <div class="price">
                                        <span class="accessibility">Purchase price </span>
                                        <small>$</small>1.00
                                    </div>
                                    <div class="unit-price">
                                        <span class="accessibility">Unit price </span>$2.50 per 100G
                                    </div>
                                    <div class="special-offer">
                                    </div>
                                    <div class="availability">
                                        Temporarily unavailable
                                    </div>
                                    <div class="purchase">
                                        <input type="number" title="Add Quantity for Smith's Sour Cream &amp; Chives Grainwaves 40g" name="quantity" id="catEntry_73782_qty" value="1" maxlength="2" size="2" class="v-mandatory v-numeric v-minval-1">
                                        <button role="button" type="submit" title="Add to trolley&nbsp;Smith's Sour Cream &amp; Chives Grainwaves 40g" class="btn-red action-addToTrolley"><span role="presentation" aria-hidden="true">Add to trolley</span></button>
                                    </div>
                                </div>
                                <div class="lists">
                                </div>
                                <div class="actions">
                                    <div class="MUItemForTrolleyDiv MUItemForTrolley_128869" data-catentry="128869">
                                        <div class="MUul_128869">
                                            <div class="MUli_128869 hidden" aria-hidden="true">
                                                <span class="inTrolley"><span class="MUSpan_128869">0</span> in trolley</span>
                                            </div>
                                        </div>
                                    </div>
                                    <p class="clear"></p>
                                    <div class="member-usuals-remove">
                                        <a href="#" class="action-removeFromUsuals usuals-remove">Remove from list <span class="accessibility">Smith's Sour Cream &amp; Chives Grainwaves 40g</span></a>
                                    </div>
                                    <div class="list">
                                        <a href="#" class="action-addToList action-list-add">Add to list <span class="accessibility">Smith's Sour Cream &amp; Chives Grainwaves 40g</span></a>
                                    </div>
                                    <div class="member-list-add">
                                        <a href="#" class="action-addToList action-list-add">Add to another list <span class="accessibility">Smith's Sour Cream &amp; Chives Grainwaves 40g</span></a>
                                    </div>
                                    <div class="member-list-remove">
                                        <a href="#" class="action-removeFromList">Remove from list <span class="accessibility">Smith's Sour Cream &amp; Chives Grainwaves 40g</span></a>
                                    </div>
                                    <div class="compareProd" role="presentation" aria-hidden="true">
                                        <a href="#" class="compare compare-add">Compare</a>
                                    </div>
                                    <a href="http://shop.coles.com.au/online/national/smiths-grain-waves-wholegrain-sour-cream-chives-7118360p" class="product-url accessibility">More details for Smith's&nbsp;Sour Cream &amp; Chives Grainwaves</a>
                                </div>
                                <div role="presentation" aria-hidden="true" id="share" class="share" data-social="{productImgUrl:'http://shop.coles.com.au:27900/wcsstore/Coles-CAS/images/7/1/1/7118360-th.jpg'
	                                               ,productDisplayUrl:'http://shop.coles.com.au/online/national/smiths-grain-waves-wholegrain-sour-cream-chives-7118360p'
	                                               ,title:'Smith's Sour Cream &amp; Chives Grainwaves  '
	                                               ,description:''}">
                                </div>
                            </div>
                        </div>
                    </form>
                </div>
                <span class="available hidden"></span>
                <div class="outer-prod prodtile" data-refresh="{
					catalogId: &quot;10576&quot;,
					doInventory: &quot;N&quot;,
					fulfillmentCenterId: &quot;11576&quot;,
					forStoreId: &quot;10401&quot;,

					productDisplayURL: &quot;http://shop.coles.com.au/online/national/smiths-potato-chips-crinkle-cut-salt-vinegar&quot;
			}">
                    <form id="catEntryForm_73783" name="catEntryForm_73783" action="AjaxOrderChangeServiceItemAdd">
                        <div class="promo multiBuy " data-catentry="catEntry_73783" data-refresh="{
				addCalculationUsage: &quot;-1&quot;,
				langId: &quot;-1&quot;,
				storeId: &quot;10601&quot;,
				catEntryId: &quot;73783&quot;,
				catEntryName: &quot;Crinkle Cut Salt &amp; Vinegar Potato Chips 6 pack&quot;,
				productView: &quot;list&quot;,
				productId: &quot;73783&quot;,
				itemId: &quot;131373&quot;,
				hideMultibuy: &quot;false&quot;,
                ticketType: &quot;M&quot;,
                partNumber: &quot;7117979&quot;,
                offerCode: &quot;20150210&quot;
		}">
                            <div class="wrapper clearfix">
                                <h4 class="accessibility" id="heading_73783" tabindex="-1"> Smith's&nbsp;Crinkle Cut Salt &amp; Vinegar Potato Chips 6 pack&nbsp; 114g&nbsp; On special </h4>
                                <div class="offer-icon"></div>
                                <a role="presentation" aria-hidden="true" class="product-url" href="http://shop.coles.com.au/online/national/smiths-potato-chips-crinkle-cut-salt-vinegar"> <img role="presentation" aria-hidden="true" class="photo" src="/wcsstore/Coles-CAS/images/7/1/1/7117979-th.jpg" onerror="this.src='/wcsstore/ColesStorefrontAssetStore/dist/1c712c4fe3ca/images/spacer.gif'" alt="Crinkle Cut Salt &amp; Vinegar Potato Chips 6 pack" width="110" height="110"> </a>
                                <div class="detail">
                                    <span role="presentation" aria-hidden="true" class="brand">Smith's</span>
                                    <span class="item" role="presentation" aria-hidden="true"> <a role="presentation" aria-hidden="true" class="product-url" href="http://shop.coles.com.au/online/national/smiths-potato-chips-crinkle-cut-salt-vinegar"> Crinkle Cut Salt &amp; Vinegar Potato Chips 6 pack&nbsp; 114g </a> </span>
                                    <span class="size"> </span>
                                </div>
                                <div class="purchasing" data-promotion="{qualifier: &quot;2&quot;,promotionId: &quot;10110039&quot;,catEntryIds: &quot;10211,11206,12117,13807,14083,14530,16667,17765,17777,18813,18818,19869,20270,25042,47376,56111,57977,67235,67917,71980,72675,73291,73292,73783,74413,77541,78205,86563,87922,87923,89065,107116,182165,182272,182307,182398,182399,244526,244530,256528,256591,322001,322002,322005,346050,347583,411505,444507,444525,444526,445001,445002,445003,445004,445005,445006,445009,445010,445011,445012,454512,454525,454526,454527,520017&quot;}">
                                    <div class="offer-detail">
                                        2 for $5
                                    </div>
                                    <div class="offer-price">
                                        SAVE&nbsp;$1.90 / $2.19 per 100G
                                    </div>
                                    <div class="availability">
                                        Temporarily unavailable
                                    </div>
                                    <div class="offer-purchase">
                                        <button type="button" value="Choose any 2" class="btn-red action-addMultibuyToTrolley">Choose any 2</button>
                                    </div>
                                    <div class="or">
                                        <span>OR</span>
                                    </div>
                                    <div class="std-price">
                                        1 for $3.45&nbsp;/&nbsp;$3.03 per 100G
                                    </div>
                                    <div class="availability">
                                        Temporarily unavailable
                                    </div>
                                    <div class="std-purchase">
                                        <input type="number" title="Add Quantity for Smith's Crinkle Cut Salt &amp; Vinegar Potato Chips 6 pack 114g" name="quantity" id="catEntry_73783_qty" value="1" maxlength="2" size="2" class="v-mandatory v-numeric v-minval-1">
                                        <button role="button" type="submit" title="Add to trolley&nbsp;Smith's Crinkle Cut Salt &amp; Vinegar Potato Chips 6 pack 114g" class="btn-red action-addToTrolley"><span role="presentation" aria-hidden="true">Add to trolley</span></button>
                                    </div>
                                </div>
                                <div class="actions">
                                    <div class="MUItemForTrolleyDiv MUItemForTrolley_131373" data-catentry="131373">
                                        <div class="MUul_131373">
                                            <div class="MUli_131373 hidden" aria-hidden="true">
                                                <span class="inTrolley"><span class="MUSpan_131373">0</span> in trolley</span>
                                            </div>
                                        </div>
                                    </div>
                                    <p class="clear"></p>
                                    <div class="member-usuals-remove">
                                        <a href="#" class="action-removeFromUsuals usuals-remove">Remove from list <span class="accessibility">Smith's Crinkle Cut Salt &amp; Vinegar Potato Chips 6 pack 114g</span></a>
                                    </div>
                                    <div class="list">
                                        <a href="#" class="action-addToList action-list-add">Add to list <span class="accessibility">Smith's Crinkle Cut Salt &amp; Vinegar Potato Chips 6 pack 114g</span></a>
                                    </div>
                                    <div class="member-list-add">
                                        <a href="#" class="action-addToList action-list-add">Add to another list <span class="accessibility">Smith's Crinkle Cut Salt &amp; Vinegar Potato Chips 6 pack 114g</span></a>
                                    </div>
                                    <div class="member-list-remove">
                                        <a href="#" class="action-removeFromList">Remove from list <span class="accessibility">Smith's Crinkle Cut Salt &amp; Vinegar Potato Chips 6 pack 114g</span></a>
                                    </div>
                                    <div class="compareProd" role="presentation" aria-hidden="true">
                                        <a href="#" class="compare compare-add">Compare</a>
                                    </div>
                                    <a href="http://shop.coles.com.au/online/national/smiths-potato-chips-crinkle-cut-salt-vinegar" class="product-url accessibility">More details for Smith's&nbsp;Crinkle Cut Salt &amp; Vinegar Potato Chips 6 pack</a>
                                </div>
                                <div role="presentation" aria-hidden="true" id="share" class="share" data-social="{productImgUrl:'http://shop.coles.com.au:27900/wcsstore/Coles-CAS/images/7/1/1/7117979-th.jpg'
	                                               ,productDisplayUrl:'http://shop.coles.com.au/online/national/smiths-potato-chips-crinkle-cut-salt-vinegar'
	                                               ,title:'Smith's Crinkle Cut Salt &amp; Vinegar Potato Chips 6 pack  '
	                                               ,description:''}">
                                </div>
                            </div>
                        </div>
                    </form>
                </div>
                <span class="available hidden"></span>
                <div class="outer-prod prodtile" data-refresh="{
					catalogId: &quot;10576&quot;,
					doInventory: &quot;N&quot;,
					fulfillmentCenterId: &quot;11576&quot;,
					forStoreId: &quot;10401&quot;,

					productDisplayURL: &quot;http://shop.coles.com.au/online/national/smiths-potato-chips-crinkle-cut-chicken-5098603p&quot;
			}">
                    <form id="catEntryForm_81857" name="catEntryForm_81857" action="AjaxOrderChangeServiceItemAdd">
                        <div class="promo save " data-catentry="catEntry_81857" data-refresh="{
				addCalculationUsage: &quot;-1&quot;,
				langId: &quot;-1&quot;,
				storeId: &quot;10601&quot;,
				catEntryId: &quot;81857&quot;,
				catEntryName: &quot;Crinkle Cut Chicken Potato Chips&quot;,
				productView: &quot;list&quot;,
				productId: &quot;81857&quot;,
				itemId: &quot;143203&quot;,
				hideMultibuy: &quot;false&quot;,
                ticketType: &quot;S&quot;,
                partNumber: &quot;5098603&quot;,
                offerCode: &quot;121178481&quot;
		}">
                            <div class="wrapper clearfix">
                                <h4 class="accessibility" id="heading_81857" tabindex="-1"> Smith's&nbsp;Crinkle Cut Chicken Potato Chips&nbsp; 45g&nbsp; On special </h4>
                                <div class="offer-icon"></div>
                                <a role="presentation" aria-hidden="true" class="product-url" href="http://shop.coles.com.au/online/national/smiths-potato-chips-crinkle-cut-chicken-5098603p"> <img role="presentation" aria-hidden="true" class="photo" src="/wcsstore/Coles-CAS/images/5/0/9/5098603-th.jpg" onerror="this.src='/wcsstore/ColesStorefrontAssetStore/dist/1c712c4fe3ca/images/spacer.gif'" alt="Crinkle Cut Chicken Potato Chips" width="110" height="110"> </a>
                                <div class="detail">
                                    <span role="presentation" aria-hidden="true" class="brand">Smith's</span>
                                    <span class="item" role="presentation" aria-hidden="true"> <a role="presentation" aria-hidden="true" class="product-url" href="http://shop.coles.com.au/online/national/smiths-potato-chips-crinkle-cut-chicken-5098603p"> Crinkle Cut Chicken Potato Chips&nbsp; 45g </a> </span>
                                    <span class="size"> </span>
                                </div>
                                <div class="purchasing">
                                    <div class="saving">
                                        <span class="accessibility">Original price</span> was $1.60
                                        <span><span class="accessibility">You can</span> save $0.60</span>
                                    </div>
                                    <div class="price">
                                        <span class="accessibility">Purchase price </span>
                                        <small>$</small>1.00
                                    </div>
                                    <div class="unit-price">
                                        <span class="accessibility">Unit price </span>$2.22 per 100G
                                    </div>
                                    <div class="special-offer">
                                    </div>
                                    <div class="availability">
                                        Temporarily unavailable
                                    </div>
                                    <div class="purchase">
                                        <input type="number" title="Add Quantity for Smith's Crinkle Cut Chicken Potato Chips 45g" name="quantity" id="catEntry_81857_qty" value="1" maxlength="2" size="2" class="v-mandatory v-numeric v-minval-1">
                                        <button role="button" type="submit" title="Add to trolley&nbsp;Smith's Crinkle Cut Chicken Potato Chips 45g" class="btn-red action-addToTrolley"><span role="presentation" aria-hidden="true">Add to trolley</span></button>
                                    </div>
                                </div>
                                <div class="lists">
                                </div>
                                <div class="actions">
                                    <div class="MUItemForTrolleyDiv MUItemForTrolley_143203" data-catentry="143203">
                                        <div class="MUul_143203">
                                            <div class="MUli_143203 hidden" aria-hidden="true">
                                                <span class="inTrolley"><span class="MUSpan_143203">0</span> in trolley</span>
                                            </div>
                                        </div>
                                    </div>
                                    <p class="clear"></p>
                                    <div class="member-usuals-remove">
                                        <a href="#" class="action-removeFromUsuals usuals-remove">Remove from list <span class="accessibility">Smith's Crinkle Cut Chicken Potato Chips 45g</span></a>
                                    </div>
                                    <div class="list">
                                        <a href="#" class="action-addToList action-list-add">Add to list <span class="accessibility">Smith's Crinkle Cut Chicken Potato Chips 45g</span></a>
                                    </div>
                                    <div class="member-list-add">
                                        <a href="#" class="action-addToList action-list-add">Add to another list <span class="accessibility">Smith's Crinkle Cut Chicken Potato Chips 45g</span></a>
                                    </div>
                                    <div class="member-list-remove">
                                        <a href="#" class="action-removeFromList">Remove from list <span class="accessibility">Smith's Crinkle Cut Chicken Potato Chips 45g</span></a>
                                    </div>
                                    <div class="compareProd" role="presentation" aria-hidden="true">
                                        <a href="#" class="compare compare-add">Compare</a>
                                    </div>
                                    <a href="http://shop.coles.com.au/online/national/smiths-potato-chips-crinkle-cut-chicken-5098603p" class="product-url accessibility">More details for Smith's&nbsp;Crinkle Cut Chicken Potato Chips</a>
                                </div>
                                <div role="presentation" aria-hidden="true" id="share" class="share" data-social="{productImgUrl:'http://shop.coles.com.au:27900/wcsstore/Coles-CAS/images/5/0/9/5098603-th.jpg'
	                                               ,productDisplayUrl:'http://shop.coles.com.au/online/national/smiths-potato-chips-crinkle-cut-chicken-5098603p'
	                                               ,title:'Smith's Crinkle Cut Chicken Potato Chips '
	                                               ,description:''}">
                                </div>
                            </div>
                        </div>
                    </form>
                </div>
                <span class="available hidden"></span>
                <div class="outer-prod prodtile" data-refresh="{
					catalogId: &quot;10576&quot;,
					doInventory: &quot;N&quot;,
					fulfillmentCenterId: &quot;11576&quot;,
					forStoreId: &quot;10401&quot;,

					productDisplayURL: &quot;http://shop.coles.com.au/online/national/smiths-potato-chips-crinkle-cut-original-42612p&quot;
			}">
                    <form id="catEntryForm_85208" name="catEntryForm_85208" action="AjaxOrderChangeServiceItemAdd">
                        <div class="promo save " data-catentry="catEntry_85208" data-refresh="{
				addCalculationUsage: &quot;-1&quot;,
				langId: &quot;-1&quot;,
				storeId: &quot;10601&quot;,
				catEntryId: &quot;85208&quot;,
				catEntryName: &quot;Crinkle Cut Original Potato Chips&quot;,
				productView: &quot;list&quot;,
				productId: &quot;85208&quot;,
				itemId: &quot;146012&quot;,
				hideMultibuy: &quot;false&quot;,
                ticketType: &quot;S&quot;,
                partNumber: &quot;42612&quot;,
                offerCode: &quot;121178429&quot;
		}">
                            <div class="wrapper clearfix">
                                <h4 class="accessibility" id="heading_85208" tabindex="-1"> Smith's&nbsp;Crinkle Cut Original Potato Chips&nbsp; 45g&nbsp; On special </h4>
                                <div class="offer-icon"></div>
                                <a role="presentation" aria-hidden="true" class="product-url" href="http://shop.coles.com.au/online/national/smiths-potato-chips-crinkle-cut-original-42612p"> <img role="presentation" aria-hidden="true" class="photo" src="/wcsstore/Coles-CAS/images/4/2/6/42612-th.jpg" onerror="this.src='/wcsstore/ColesStorefrontAssetStore/dist/1c712c4fe3ca/images/spacer.gif'" alt="Crinkle Cut Original Potato Chips" width="110" height="110"> </a>
                                <div class="detail">
                                    <span role="presentation" aria-hidden="true" class="brand">Smith's</span>
                                    <span class="item" role="presentation" aria-hidden="true"> <a role="presentation" aria-hidden="true" class="product-url" href="http://shop.coles.com.au/online/national/smiths-potato-chips-crinkle-cut-original-42612p"> Crinkle Cut Original Potato Chips&nbsp; 45g </a> </span>
                                    <span class="size"> </span>
                                </div>
                                <div class="purchasing">
                                    <div class="saving">
                                        <span class="accessibility">Original price</span> was $1.60
                                        <span><span class="accessibility">You can</span> save $0.60</span>
                                    </div>
                                    <div class="price">
                                        <span class="accessibility">Purchase price </span>
                                        <small>$</small>1.00
                                    </div>
                                    <div class="unit-price">
                                        <span class="accessibility">Unit price </span>$2.22 per 100G
                                    </div>
                                    <div class="special-offer">
                                    </div>
                                    <div class="availability">
                                        Temporarily unavailable
                                    </div>
                                    <div class="purchase">
                                        <input type="number" title="Add Quantity for Smith's Crinkle Cut Original Potato Chips 45g" name="quantity" id="catEntry_85208_qty" value="1" maxlength="2" size="2" class="v-mandatory v-numeric v-minval-1">
                                        <button role="button" type="submit" title="Add to trolley&nbsp;Smith's Crinkle Cut Original Potato Chips 45g" class="btn-red action-addToTrolley"><span role="presentation" aria-hidden="true">Add to trolley</span></button>
                                    </div>
                                </div>
                                <div class="lists">
                                </div>
                                <div class="actions">
                                    <div class="MUItemForTrolleyDiv MUItemForTrolley_146012" data-catentry="146012">
                                        <div class="MUul_146012">
                                            <div class="MUli_146012 hidden" aria-hidden="true">
                                                <span class="inTrolley"><span class="MUSpan_146012">0</span> in trolley</span>
                                            </div>
                                        </div>
                                    </div>
                                    <p class="clear"></p>
                                    <div class="member-usuals-remove">
                                        <a href="#" class="action-removeFromUsuals usuals-remove">Remove from list <span class="accessibility">Smith's Crinkle Cut Original Potato Chips 45g</span></a>
                                    </div>
                                    <div class="list">
                                        <a href="#" class="action-addToList action-list-add">Add to list <span class="accessibility">Smith's Crinkle Cut Original Potato Chips 45g</span></a>
                                    </div>
                                    <div class="member-list-add">
                                        <a href="#" class="action-addToList action-list-add">Add to another list <span class="accessibility">Smith's Crinkle Cut Original Potato Chips 45g</span></a>
                                    </div>
                                    <div class="member-list-remove">
                                        <a href="#" class="action-removeFromList">Remove from list <span class="accessibility">Smith's Crinkle Cut Original Potato Chips 45g</span></a>
                                    </div>
                                    <div class="compareProd" role="presentation" aria-hidden="true">
                                        <a href="#" class="compare compare-add">Compare</a>
                                    </div>
                                    <a href="http://shop.coles.com.au/online/national/smiths-potato-chips-crinkle-cut-original-42612p" class="product-url accessibility">More details for Smith's&nbsp;Crinkle Cut Original Potato Chips</a>
                                </div>
                                <div role="presentation" aria-hidden="true" id="share" class="share" data-social="{productImgUrl:'http://shop.coles.com.au:27900/wcsstore/Coles-CAS/images/4/2/6/42612-th.jpg'
	                                               ,productDisplayUrl:'http://shop.coles.com.au/online/national/smiths-potato-chips-crinkle-cut-original-42612p'
	                                               ,title:'Smith's Crinkle Cut Original Potato Chips '
	                                               ,description:''}">
                                </div>
                            </div>
                        </div>
                    </form>
                </div>
                <span class="available hidden"></span>
                <div class="outer-prod prodtile" data-refresh="{
					catalogId: &quot;10576&quot;,
					doInventory: &quot;N&quot;,
					fulfillmentCenterId: &quot;11576&quot;,
					forStoreId: &quot;10401&quot;,

					productDisplayURL: &quot;http://shop.coles.com.au/online/national/smiths-potato-chips-thin-sliced-original-9695502p&quot;
			}">
                    <form id="catEntryForm_93214" name="catEntryForm_93214" action="AjaxOrderChangeServiceItemAdd">
                        <div class="promo save " data-catentry="catEntry_93214" data-refresh="{
				addCalculationUsage: &quot;-1&quot;,
				langId: &quot;-1&quot;,
				storeId: &quot;10601&quot;,
				catEntryId: &quot;93214&quot;,
				catEntryName: &quot;Thinly Cut Original Potato Chips&quot;,
				productView: &quot;list&quot;,
				productId: &quot;93214&quot;,
				itemId: &quot;156860&quot;,
				hideMultibuy: &quot;false&quot;,
                ticketType: &quot;S&quot;,
                partNumber: &quot;9695502&quot;,
                offerCode: &quot;121178559&quot;
		}">
                            <div class="wrapper clearfix">
                                <h4 class="accessibility" id="heading_93214" tabindex="-1"> Smith's&nbsp;Thinly Cut Original Potato Chips&nbsp; 45g&nbsp; On special </h4>
                                <div class="offer-icon"></div>
                                <a role="presentation" aria-hidden="true" class="product-url" href="http://shop.coles.com.au/online/national/smiths-potato-chips-thin-sliced-original-9695502p"> <img role="presentation" aria-hidden="true" class="photo" src="/wcsstore/Coles-CAS/images/9/6/9/9695502-th.jpg" onerror="this.src='/wcsstore/ColesStorefrontAssetStore/dist/1c712c4fe3ca/images/spacer.gif'" alt="Thinly Cut Original Potato Chips" width="110" height="110"> </a>
                                <div class="detail">
                                    <span role="presentation" aria-hidden="true" class="brand">Smith's</span>
                                    <span class="item" role="presentation" aria-hidden="true"> <a role="presentation" aria-hidden="true" class="product-url" href="http://shop.coles.com.au/online/national/smiths-potato-chips-thin-sliced-original-9695502p"> Thinly Cut Original Potato Chips&nbsp; 45g </a> </span>
                                    <span class="size"> </span>
                                </div>
                                <div class="purchasing">
                                    <div class="saving">
                                        <span class="accessibility">Original price</span> was $1.60
                                        <span><span class="accessibility">You can</span> save $0.60</span>
                                    </div>
                                    <div class="price">
                                        <span class="accessibility">Purchase price </span>
                                        <small>$</small>1.00
                                    </div>
                                    <div class="unit-price">
                                        <span class="accessibility">Unit price </span>$2.22 per 100G
                                    </div>
                                    <div class="special-offer">
                                    </div>
                                    <div class="availability">
                                        Temporarily unavailable
                                    </div>
                                    <div class="purchase">
                                        <input type="number" title="Add Quantity for Smith's Thinly Cut Original Potato Chips 45g" name="quantity" id="catEntry_93214_qty" value="1" maxlength="2" size="2" class="v-mandatory v-numeric v-minval-1">
                                        <button role="button" type="submit" title="Add to trolley&nbsp;Smith's Thinly Cut Original Potato Chips 45g" class="btn-red action-addToTrolley"><span role="presentation" aria-hidden="true">Add to trolley</span></button>
                                    </div>
                                </div>
                                <div class="lists">
                                </div>
                                <div class="actions">
                                    <div class="MUItemForTrolleyDiv MUItemForTrolley_156860" data-catentry="156860">
                                        <div class="MUul_156860">
                                            <div class="MUli_156860 hidden" aria-hidden="true">
                                                <span class="inTrolley"><span class="MUSpan_156860">0</span> in trolley</span>
                                            </div>
                                        </div>
                                    </div>
                                    <p class="clear"></p>
                                    <div class="member-usuals-remove">
                                        <a href="#" class="action-removeFromUsuals usuals-remove">Remove from list <span class="accessibility">Smith's Thinly Cut Original Potato Chips 45g</span></a>
                                    </div>
                                    <div class="list">
                                        <a href="#" class="action-addToList action-list-add">Add to list <span class="accessibility">Smith's Thinly Cut Original Potato Chips 45g</span></a>
                                    </div>
                                    <div class="member-list-add">
                                        <a href="#" class="action-addToList action-list-add">Add to another list <span class="accessibility">Smith's Thinly Cut Original Potato Chips 45g</span></a>
                                    </div>
                                    <div class="member-list-remove">
                                        <a href="#" class="action-removeFromList">Remove from list <span class="accessibility">Smith's Thinly Cut Original Potato Chips 45g</span></a>
                                    </div>
                                    <div class="compareProd" role="presentation" aria-hidden="true">
                                        <a href="#" class="compare compare-add">Compare</a>
                                    </div>
                                    <a href="http://shop.coles.com.au/online/national/smiths-potato-chips-thin-sliced-original-9695502p" class="product-url accessibility">More details for Smith's&nbsp;Thinly Cut Original Potato Chips</a>
                                </div>
                                <div role="presentation" aria-hidden="true" id="share" class="share" data-social="{productImgUrl:'http://shop.coles.com.au:27900/wcsstore/Coles-CAS/images/9/6/9/9695502-th.jpg'
	                                               ,productDisplayUrl:'http://shop.coles.com.au/online/national/smiths-potato-chips-thin-sliced-original-9695502p'
	                                               ,title:'Smith's Thinly Cut Original Potato Chips '
	                                               ,description:''}">
                                </div>
                            </div>
                        </div>
                    </form>
                </div>
                <span class="available hidden"></span>
                <div class="outer-prod prodtile" data-refresh="{
					catalogId: &quot;10576&quot;,
					doInventory: &quot;N&quot;,
					fulfillmentCenterId: &quot;11576&quot;,
					forStoreId: &quot;10401&quot;,

					productDisplayURL: &quot;http://shop.coles.com.au/online/national/smiths-potato-chips-crinkle-cut-salt-vinegar-94387p&quot;
			}">
                    <form id="catEntryForm_97254" name="catEntryForm_97254" action="AjaxOrderChangeServiceItemAdd">
                        <div class="promo save " data-catentry="catEntry_97254" data-refresh="{
				addCalculationUsage: &quot;-1&quot;,
				langId: &quot;-1&quot;,
				storeId: &quot;10601&quot;,
				catEntryId: &quot;97254&quot;,
				catEntryName: &quot;Crinkle Cut Salt &amp; Vinegar Potato Chips&quot;,
				productView: &quot;list&quot;,
				productId: &quot;97254&quot;,
				itemId: &quot;159554&quot;,
				hideMultibuy: &quot;false&quot;,
                ticketType: &quot;S&quot;,
                partNumber: &quot;94387&quot;,
                offerCode: &quot;121178455&quot;
		}">
                            <div class="wrapper clearfix">
                                <h4 class="accessibility" id="heading_97254" tabindex="-1"> Smith's&nbsp;Crinkle Cut Salt &amp; Vinegar Potato Chips&nbsp; 45g&nbsp; On special </h4>
                                <div class="offer-icon"></div>
                                <a role="presentation" aria-hidden="true" class="product-url" href="http://shop.coles.com.au/online/national/smiths-potato-chips-crinkle-cut-salt-vinegar-94387p"> <img role="presentation" aria-hidden="true" class="photo" src="/wcsstore/Coles-CAS/images/9/4/3/94387-th.jpg" onerror="this.src='/wcsstore/ColesStorefrontAssetStore/dist/1c712c4fe3ca/images/spacer.gif'" alt="Crinkle Cut Salt &amp; Vinegar Potato Chips" width="110" height="110"> </a>
                                <div class="detail">
                                    <span role="presentation" aria-hidden="true" class="brand">Smith's</span>
                                    <span class="item" role="presentation" aria-hidden="true"> <a role="presentation" aria-hidden="true" class="product-url" href="http://shop.coles.com.au/online/national/smiths-potato-chips-crinkle-cut-salt-vinegar-94387p"> Crinkle Cut Salt &amp; Vinegar Potato Chips&nbsp; 45g </a> </span>
                                    <span class="size"> </span>
                                </div>
                                <div class="purchasing">
                                    <div class="saving">
                                        <span class="accessibility">Original price</span> was $1.60
                                        <span><span class="accessibility">You can</span> save $0.60</span>
                                    </div>
                                    <div class="price">
                                        <span class="accessibility">Purchase price </span>
                                        <small>$</small>1.00
                                    </div>
                                    <div class="unit-price">
                                        <span class="accessibility">Unit price </span>$2.22 per 100G
                                    </div>
                                    <div class="special-offer">
                                    </div>
                                    <div class="availability">
                                        Temporarily unavailable
                                    </div>
                                    <div class="purchase">
                                        <input type="number" title="Add Quantity for Smith's Crinkle Cut Salt &amp; Vinegar Potato Chips 45g" name="quantity" id="catEntry_97254_qty" value="1" maxlength="2" size="2" class="v-mandatory v-numeric v-minval-1">
                                        <button role="button" type="submit" title="Add to trolley&nbsp;Smith's Crinkle Cut Salt &amp; Vinegar Potato Chips 45g" class="btn-red action-addToTrolley"><span role="presentation" aria-hidden="true">Add to trolley</span></button>
                                    </div>
                                </div>
                                <div class="lists">
                                </div>
                                <div class="actions">
                                    <div class="MUItemForTrolleyDiv MUItemForTrolley_159554" data-catentry="159554">
                                        <div class="MUul_159554">
                                            <div class="MUli_159554 hidden" aria-hidden="true">
                                                <span class="inTrolley"><span class="MUSpan_159554">0</span> in trolley</span>
                                            </div>
                                        </div>
                                    </div>
                                    <p class="clear"></p>
                                    <div class="member-usuals-remove">
                                        <a href="#" class="action-removeFromUsuals usuals-remove">Remove from list <span class="accessibility">Smith's Crinkle Cut Salt &amp; Vinegar Potato Chips 45g</span></a>
                                    </div>
                                    <div class="list">
                                        <a href="#" class="action-addToList action-list-add">Add to list <span class="accessibility">Smith's Crinkle Cut Salt &amp; Vinegar Potato Chips 45g</span></a>
                                    </div>
                                    <div class="member-list-add">
                                        <a href="#" class="action-addToList action-list-add">Add to another list <span class="accessibility">Smith's Crinkle Cut Salt &amp; Vinegar Potato Chips 45g</span></a>
                                    </div>
                                    <div class="member-list-remove">
                                        <a href="#" class="action-removeFromList">Remove from list <span class="accessibility">Smith's Crinkle Cut Salt &amp; Vinegar Potato Chips 45g</span></a>
                                    </div>
                                    <div class="compareProd" role="presentation" aria-hidden="true">
                                        <a href="#" class="compare compare-add">Compare</a>
                                    </div>
                                    <a href="http://shop.coles.com.au/online/national/smiths-potato-chips-crinkle-cut-salt-vinegar-94387p" class="product-url accessibility">More details for Smith's&nbsp;Crinkle Cut Salt &amp; Vinegar Potato Chips</a>
                                </div>
                                <div role="presentation" aria-hidden="true" id="share" class="share" data-social="{productImgUrl:'http://shop.coles.com.au:27900/wcsstore/Coles-CAS/images/9/4/3/94387-th.jpg'
	                                               ,productDisplayUrl:'http://shop.coles.com.au/online/national/smiths-potato-chips-crinkle-cut-salt-vinegar-94387p'
	                                               ,title:'Smith's Crinkle Cut Salt &amp; Vinegar Potato Chips '
	                                               ,description:''}">
                                </div>
                            </div>
                        </div>
                    </form>
                </div>
                <span class="available hidden"></span>
                <div class="outer-prod prodtile" data-refresh="{
					catalogId: &quot;10576&quot;,
					doInventory: &quot;N&quot;,
					fulfillmentCenterId: &quot;11576&quot;,
					forStoreId: &quot;10401&quot;,

					productDisplayURL: &quot;http://shop.coles.com.au/online/national/smiths-crinkle-cut-cheese-onion-potato-chips&quot;
			}">
                    <form id="catEntryForm_445005" name="catEntryForm_445005" action="AjaxOrderChangeServiceItemAdd">
                        <div class="promo multiBuy " data-catentry="catEntry_445005" data-refresh="{
				addCalculationUsage: &quot;-1&quot;,
				langId: &quot;-1&quot;,
				storeId: &quot;10601&quot;,
				catEntryId: &quot;445005&quot;,
				catEntryName: &quot;Crinkle Cut Cheese &amp; Onion Potato Chips&quot;,
				productView: &quot;list&quot;,
				productId: &quot;445005&quot;,
				itemId: &quot;445026&quot;,
				hideMultibuy: &quot;false&quot;,
                ticketType: &quot;M&quot;,
                partNumber: &quot;2358297&quot;,
                offerCode: &quot;20160224&quot;
		}">
                            <div class="wrapper clearfix">
                                <h4 class="accessibility" id="heading_445005" tabindex="-1"> Smith's&nbsp;Crinkle Cut Cheese &amp; Onion Potato Chips&nbsp; 170g&nbsp; On special </h4>
                                <div class="offer-icon"></div>
                                <a role="presentation" aria-hidden="true" class="product-url" href="http://shop.coles.com.au/online/national/smiths-crinkle-cut-cheese-onion-potato-chips"> <img role="presentation" aria-hidden="true" class="photo" src="/wcsstore/Coles-CAS/images/2/3/5/2358297-th.jpg" onerror="this.src='/wcsstore/ColesStorefrontAssetStore/dist/1c712c4fe3ca/images/spacer.gif'" alt="Crinkle Cut Cheese &amp; Onion Potato Chips" width="110" height="110"> </a>
                                <div class="detail">
                                    <span role="presentation" aria-hidden="true" class="brand">Smith's</span>
                                    <span class="item" role="presentation" aria-hidden="true"> <a role="presentation" aria-hidden="true" class="product-url" href="http://shop.coles.com.au/online/national/smiths-crinkle-cut-cheese-onion-potato-chips"> Crinkle Cut Cheese &amp; Onion Potato Chips&nbsp; 170g </a> </span>
                                    <span class="size"> </span>
                                </div>
                                <div class="purchasing" data-promotion="{qualifier: &quot;2&quot;,promotionId: &quot;10110039&quot;,catEntryIds: &quot;10211,11206,12117,13807,14083,14530,16667,17765,17777,18813,18818,19869,20270,25042,47376,56111,57977,67235,67917,71980,72675,73291,73292,73783,74413,77541,78205,86563,87922,87923,89065,107116,182165,182272,182307,182398,182399,244526,244530,256528,256591,322001,322002,322005,346050,347583,411505,444507,444525,444526,445001,445002,445003,445004,445005,445006,445009,445010,445011,445012,454512,454525,454526,454527,520017&quot;}">
                                    <div class="offer-detail">
                                        2 for $5
                                    </div>
                                    <div class="offer-price">
                                        SAVE&nbsp;$2.02 / $1.47 per 100G
                                    </div>
                                    <div class="availability">
                                        Temporarily unavailable
                                    </div>
                                    <div class="offer-purchase">
                                        <button type="button" value="Choose any 2" class="btn-red action-addMultibuyToTrolley">Choose any 2</button>
                                    </div>
                                    <div class="or">
                                        <span>OR</span>
                                    </div>
                                    <div class="std-price">
                                        1 for $3.51&nbsp;/&nbsp;$2.06 per 100G
                                    </div>
                                    <div class="availability">
                                        Temporarily unavailable
                                    </div>
                                    <div class="std-purchase">
                                        <input type="number" title="Add Quantity for Smith's Crinkle Cut Cheese &amp; Onion Potato Chips 170g" name="quantity" id="catEntry_445005_qty" value="1" maxlength="2" size="2" class="v-mandatory v-numeric v-minval-1">
                                        <button role="button" type="submit" title="Add to trolley&nbsp;Smith's Crinkle Cut Cheese &amp; Onion Potato Chips 170g" class="btn-red action-addToTrolley"><span role="presentation" aria-hidden="true">Add to trolley</span></button>
                                    </div>
                                </div>
                                <div class="actions">
                                    <div class="MUItemForTrolleyDiv MUItemForTrolley_445026" data-catentry="445026">
                                        <div class="MUul_445026">
                                            <div class="MUli_445026 hidden" aria-hidden="true">
                                                <span class="inTrolley"><span class="MUSpan_445026">0</span> in trolley</span>
                                            </div>
                                        </div>
                                    </div>
                                    <p class="clear"></p>
                                    <div class="member-usuals-remove">
                                        <a href="#" class="action-removeFromUsuals usuals-remove">Remove from list <span class="accessibility">Smith's Crinkle Cut Cheese &amp; Onion Potato Chips 170g</span></a>
                                    </div>
                                    <div class="list">
                                        <a href="#" class="action-addToList action-list-add">Add to list <span class="accessibility">Smith's Crinkle Cut Cheese &amp; Onion Potato Chips 170g</span></a>
                                    </div>
                                    <div class="member-list-add">
                                        <a href="#" class="action-addToList action-list-add">Add to another list <span class="accessibility">Smith's Crinkle Cut Cheese &amp; Onion Potato Chips 170g</span></a>
                                    </div>
                                    <div class="member-list-remove">
                                        <a href="#" class="action-removeFromList">Remove from list <span class="accessibility">Smith's Crinkle Cut Cheese &amp; Onion Potato Chips 170g</span></a>
                                    </div>
                                    <div class="compareProd" role="presentation" aria-hidden="true">
                                        <a href="#" class="compare compare-add">Compare</a>
                                    </div>
                                    <a href="http://shop.coles.com.au/online/national/smiths-crinkle-cut-cheese-onion-potato-chips" class="product-url accessibility">More details for Smith's&nbsp;Crinkle Cut Cheese &amp; Onion Potato Chips</a>
                                </div>
                                <div role="presentation" aria-hidden="true" id="share" class="share" data-social="{productImgUrl:'http://shop.coles.com.au:27900/wcsstore/Coles-CAS/images/2/3/5/2358297-th.jpg'
	                                               ,productDisplayUrl:'http://shop.coles.com.au/online/national/smiths-crinkle-cut-cheese-onion-potato-chips'
	                                               ,title:'Smith's Crinkle Cut Cheese &amp; Onion Potato Chips '
	                                               ,description:''}">
                                </div>
                            </div>
                        </div>
                    </form>
                </div>
                <span class="available hidden"></span>
                <div class="outer-prod prodtile" data-refresh="{
					catalogId: &quot;10576&quot;,
					doInventory: &quot;N&quot;,
					fulfillmentCenterId: &quot;11576&quot;,
					forStoreId: &quot;10401&quot;,

					productDisplayURL: &quot;http://shop.coles.com.au/online/national/smiths-crinkle-cut-bbq-potato-chips&quot;
			}">
                    <form id="catEntryForm_445006" name="catEntryForm_445006" action="AjaxOrderChangeServiceItemAdd">
                        <div class="promo multiBuy " data-catentry="catEntry_445006" data-refresh="{
				addCalculationUsage: &quot;-1&quot;,
				langId: &quot;-1&quot;,
				storeId: &quot;10601&quot;,
				catEntryId: &quot;445006&quot;,
				catEntryName: &quot;Crinkle Cut BBQ Potato Chips&quot;,
				productView: &quot;list&quot;,
				productId: &quot;445006&quot;,
				itemId: &quot;445020&quot;,
				hideMultibuy: &quot;false&quot;,
                ticketType: &quot;M&quot;,
                partNumber: &quot;2358264&quot;,
                offerCode: &quot;20160224&quot;
		}">
                            <div class="wrapper clearfix">
                                <h4 class="accessibility" id="heading_445006" tabindex="-1"> Smith's&nbsp;Crinkle Cut BBQ Potato Chips&nbsp; 170g&nbsp; On special </h4>
                                <div class="offer-icon"></div>
                                <a role="presentation" aria-hidden="true" class="product-url" href="http://shop.coles.com.au/online/national/smiths-crinkle-cut-bbq-potato-chips"> <img role="presentation" aria-hidden="true" class="photo" src="/wcsstore/Coles-CAS/images/2/3/5/2358264-th.jpg" onerror="this.src='/wcsstore/ColesStorefrontAssetStore/dist/1c712c4fe3ca/images/spacer.gif'" alt="Crinkle Cut BBQ Potato Chips" width="110" height="110"> </a>
                                <div class="detail">
                                    <span role="presentation" aria-hidden="true" class="brand">Smith's</span>
                                    <span class="item" role="presentation" aria-hidden="true"> <a role="presentation" aria-hidden="true" class="product-url" href="http://shop.coles.com.au/online/national/smiths-crinkle-cut-bbq-potato-chips"> Crinkle Cut BBQ Potato Chips&nbsp; 170g </a> </span>
                                    <span class="size"> </span>
                                </div>
                                <div class="purchasing" data-promotion="{qualifier: &quot;2&quot;,promotionId: &quot;10110039&quot;,catEntryIds: &quot;10211,11206,12117,13807,14083,14530,16667,17765,17777,18813,18818,19869,20270,25042,47376,56111,57977,67235,67917,71980,72675,73291,73292,73783,74413,77541,78205,86563,87922,87923,89065,107116,182165,182272,182307,182398,182399,244526,244530,256528,256591,322001,322002,322005,346050,347583,411505,444507,444525,444526,445001,445002,445003,445004,445005,445006,445009,445010,445011,445012,454512,454525,454526,454527,520017&quot;}">
                                    <div class="offer-detail">
                                        2 for $5
                                    </div>
                                    <div class="offer-price">
                                        SAVE&nbsp;$2.02 / $1.47 per 100G
                                    </div>
                                    <div class="availability">
                                        Temporarily unavailable
                                    </div>
                                    <div class="offer-purchase">
                                        <button type="button" value="Choose any 2" class="btn-red action-addMultibuyToTrolley">Choose any 2</button>
                                    </div>
                                    <div class="or">
                                        <span>OR</span>
                                    </div>
                                    <div class="std-price">
                                        1 for $3.51&nbsp;/&nbsp;$2.06 per 100G
                                    </div>
                                    <div class="availability">
                                        Temporarily unavailable
                                    </div>
                                    <div class="std-purchase">
                                        <input type="number" title="Add Quantity for Smith's Crinkle Cut BBQ Potato Chips 170g" name="quantity" id="catEntry_445006_qty" value="1" maxlength="2" size="2" class="v-mandatory v-numeric v-minval-1">
                                        <button role="button" type="submit" title="Add to trolley&nbsp;Smith's Crinkle Cut BBQ Potato Chips 170g" class="btn-red action-addToTrolley"><span role="presentation" aria-hidden="true">Add to trolley</span></button>
                                    </div>
                                </div>
                                <div class="actions">
                                    <div class="MUItemForTrolleyDiv MUItemForTrolley_445020" data-catentry="445020">
                                        <div class="MUul_445020">
                                            <div class="MUli_445020 hidden" aria-hidden="true">
                                                <span class="inTrolley"><span class="MUSpan_445020">0</span> in trolley</span>
                                            </div>
                                        </div>
                                    </div>
                                    <p class="clear"></p>
                                    <div class="member-usuals-remove">
                                        <a href="#" class="action-removeFromUsuals usuals-remove">Remove from list <span class="accessibility">Smith's Crinkle Cut BBQ Potato Chips 170g</span></a>
                                    </div>
                                    <div class="list">
                                        <a href="#" class="action-addToList action-list-add">Add to list <span class="accessibility">Smith's Crinkle Cut BBQ Potato Chips 170g</span></a>
                                    </div>
                                    <div class="member-list-add">
                                        <a href="#" class="action-addToList action-list-add">Add to another list <span class="accessibility">Smith's Crinkle Cut BBQ Potato Chips 170g</span></a>
                                    </div>
                                    <div class="member-list-remove">
                                        <a href="#" class="action-removeFromList">Remove from list <span class="accessibility">Smith's Crinkle Cut BBQ Potato Chips 170g</span></a>
                                    </div>
                                    <div class="compareProd" role="presentation" aria-hidden="true">
                                        <a href="#" class="compare compare-add">Compare</a>
                                    </div>
                                    <a href="http://shop.coles.com.au/online/national/smiths-crinkle-cut-bbq-potato-chips" class="product-url accessibility">More details for Smith's&nbsp;Crinkle Cut BBQ Potato Chips</a>
                                </div>
                                <div role="presentation" aria-hidden="true" id="share" class="share" data-social="{productImgUrl:'http://shop.coles.com.au:27900/wcsstore/Coles-CAS/images/2/3/5/2358264-th.jpg'
	                                               ,productDisplayUrl:'http://shop.coles.com.au/online/national/smiths-crinkle-cut-bbq-potato-chips'
	                                               ,title:'Smith's Crinkle Cut BBQ Potato Chips '
	                                               ,description:''}">
                                </div>
                            </div>
                        </div>
                    </form>
                </div>
                <span class="available hidden"></span>
                <div class="outer-prod prodtile" data-refresh="{
					catalogId: &quot;10576&quot;,
					doInventory: &quot;N&quot;,
					fulfillmentCenterId: &quot;11576&quot;,
					forStoreId: &quot;10401&quot;,

					productDisplayURL: &quot;http://shop.coles.com.au/online/national/smiths-crinkle-cut-original-potato-chips&quot;
			}">
                    <form id="catEntryForm_445012" name="catEntryForm_445012" action="AjaxOrderChangeServiceItemAdd">
                        <div class="promo multiBuy " data-catentry="catEntry_445012" data-refresh="{
				addCalculationUsage: &quot;-1&quot;,
				langId: &quot;-1&quot;,
				storeId: &quot;10601&quot;,
				catEntryId: &quot;445012&quot;,
				catEntryName: &quot;Crinkle Cut Original Potato Chips&quot;,
				productView: &quot;list&quot;,
				productId: &quot;445012&quot;,
				itemId: &quot;445027&quot;,
				hideMultibuy: &quot;false&quot;,
                ticketType: &quot;M&quot;,
                partNumber: &quot;2358275&quot;,
                offerCode: &quot;20160224&quot;
		}">
                            <div class="wrapper clearfix">
                                <h4 class="accessibility" id="heading_445012" tabindex="-1"> Smith's&nbsp;Crinkle Cut Original Potato Chips&nbsp; 170g&nbsp; On special </h4>
                                <div class="offer-icon"></div>
                                <a role="presentation" aria-hidden="true" class="product-url" href="http://shop.coles.com.au/online/national/smiths-crinkle-cut-original-potato-chips"> <img role="presentation" aria-hidden="true" class="photo" src="/wcsstore/Coles-CAS/images/2/3/5/2358275-th.jpg" onerror="this.src='/wcsstore/ColesStorefrontAssetStore/dist/1c712c4fe3ca/images/spacer.gif'" alt="Crinkle Cut Original Potato Chips" width="110" height="110"> </a>
                                <div class="detail">
                                    <span role="presentation" aria-hidden="true" class="brand">Smith's</span>
                                    <span class="item" role="presentation" aria-hidden="true"> <a role="presentation" aria-hidden="true" class="product-url" href="http://shop.coles.com.au/online/national/smiths-crinkle-cut-original-potato-chips"> Crinkle Cut Original Potato Chips&nbsp; 170g </a> </span>
                                    <span class="size"> </span>
                                </div>
                                <div class="purchasing" data-promotion="{qualifier: &quot;2&quot;,promotionId: &quot;10110039&quot;,catEntryIds: &quot;10211,11206,12117,13807,14083,14530,16667,17765,17777,18813,18818,19869,20270,25042,47376,56111,57977,67235,67917,71980,72675,73291,73292,73783,74413,77541,78205,86563,87922,87923,89065,107116,182165,182272,182307,182398,182399,244526,244530,256528,256591,322001,322002,322005,346050,347583,411505,444507,444525,444526,445001,445002,445003,445004,445005,445006,445009,445010,445011,445012,454512,454525,454526,454527,520017&quot;}">
                                    <div class="offer-detail">
                                        2 for $5
                                    </div>
                                    <div class="offer-price">
                                        SAVE&nbsp;$2.02 / $1.47 per 100G
                                    </div>
                                    <div class="availability">
                                        Temporarily unavailable
                                    </div>
                                    <div class="offer-purchase">
                                        <button type="button" value="Choose any 2" class="btn-red action-addMultibuyToTrolley">Choose any 2</button>
                                    </div>
                                    <div class="or">
                                        <span>OR</span>
                                    </div>
                                    <div class="std-price">
                                        1 for $3.51&nbsp;/&nbsp;$2.06 per 100G
                                    </div>
                                    <div class="availability">
                                        Temporarily unavailable
                                    </div>
                                    <div class="std-purchase">
                                        <input type="number" title="Add Quantity for Smith's Crinkle Cut Original Potato Chips 170g" name="quantity" id="catEntry_445012_qty" value="1" maxlength="2" size="2" class="v-mandatory v-numeric v-minval-1">
                                        <button role="button" type="submit" title="Add to trolley&nbsp;Smith's Crinkle Cut Original Potato Chips 170g" class="btn-red action-addToTrolley"><span role="presentation" aria-hidden="true">Add to trolley</span></button>
                                    </div>
                                </div>
                                <div class="actions">
                                    <div class="MUItemForTrolleyDiv MUItemForTrolley_445027" data-catentry="445027">
                                        <div class="MUul_445027">
                                            <div class="MUli_445027 hidden" aria-hidden="true">
                                                <span class="inTrolley"><span class="MUSpan_445027">0</span> in trolley</span>
                                            </div>
                                        </div>
                                    </div>
                                    <p class="clear"></p>
                                    <div class="member-usuals-remove">
                                        <a href="#" class="action-removeFromUsuals usuals-remove">Remove from list <span class="accessibility">Smith's Crinkle Cut Original Potato Chips 170g</span></a>
                                    </div>
                                    <div class="list">
                                        <a href="#" class="action-addToList action-list-add">Add to list <span class="accessibility">Smith's Crinkle Cut Original Potato Chips 170g</span></a>
                                    </div>
                                    <div class="member-list-add">
                                        <a href="#" class="action-addToList action-list-add">Add to another list <span class="accessibility">Smith's Crinkle Cut Original Potato Chips 170g</span></a>
                                    </div>
                                    <div class="member-list-remove">
                                        <a href="#" class="action-removeFromList">Remove from list <span class="accessibility">Smith's Crinkle Cut Original Potato Chips 170g</span></a>
                                    </div>
                                    <div class="compareProd" role="presentation" aria-hidden="true">
                                        <a href="#" class="compare compare-add">Compare</a>
                                    </div>
                                    <a href="http://shop.coles.com.au/online/national/smiths-crinkle-cut-original-potato-chips" class="product-url accessibility">More details for Smith's&nbsp;Crinkle Cut Original Potato Chips</a>
                                </div>
                                <div role="presentation" aria-hidden="true" id="share" class="share" data-social="{productImgUrl:'http://shop.coles.com.au:27900/wcsstore/Coles-CAS/images/2/3/5/2358275-th.jpg'
	                                               ,productDisplayUrl:'http://shop.coles.com.au/online/national/smiths-crinkle-cut-original-potato-chips'
	                                               ,title:'Smith's Crinkle Cut Original Potato Chips '
	                                               ,description:''}">
                                </div>
                            </div>
                        </div>
                    </form>
                </div>
                <span class="available hidden"></span>
                <div class="outer-prod prodtile" data-refresh="{
					catalogId: &quot;10576&quot;,
					doInventory: &quot;N&quot;,
					fulfillmentCenterId: &quot;11576&quot;,
					forStoreId: &quot;10401&quot;,

					productDisplayURL: &quot;http://shop.coles.com.au/online/national/apples-granny-smith-loose&quot;
			}">
                    <form id="catEntryForm_16658" name="catEntryForm_16658" action="AjaxOrderChangeServiceItemAdd">
                        <div class=" " data-catentry="catEntry_16658" data-refresh="{
				addCalculationUsage: &quot;-1&quot;,
				langId: &quot;-1&quot;,
				storeId: &quot;10601&quot;,
				catEntryId: &quot;16658&quot;,
				catEntryName: &quot;Granny Smith Apples&quot;,
				productView: &quot;&quot;,
				productId: &quot;16658&quot;,
				itemId: &quot;42585&quot;,
				hideMultibuy: &quot;false&quot;,
                ticketType: &quot;&quot;,
                partNumber: &quot;408554&quot;,
                offerCode: &quot;20160304&quot;
		}">
                            <div class="wrapper clearfix">
                                <h4 class="accessibility" id="heading_16658" tabindex="-1"> Coles Fresh&nbsp;Granny Smith Apples&nbsp; 1 each&nbsp; </h4>
                                <div class="offer-icon"></div>
                                <a role="presentation" aria-hidden="true" class="product-url" href="http://shop.coles.com.au/online/national/apples-granny-smith-loose"> <img role="presentation" aria-hidden="true" class="photo" src="/wcsstore/Coles-CAS/images/4/0/8/408554-th.jpg" onerror="this.src='/wcsstore/ColesStorefrontAssetStore/dist/1c712c4fe3ca/images/spacer.gif'" alt="Granny Smith Apples" width="110" height="110"> </a>
                                <div class="detail">
                                    <span role="presentation" aria-hidden="true" class="brand">Coles Fresh</span>
                                    <span class="item" role="presentation" aria-hidden="true"> <a role="presentation" aria-hidden="true" class="product-url" href="http://shop.coles.com.au/online/national/apples-granny-smith-loose"> Granny Smith Apples&nbsp; 1 each </a> </span>
                                    <span class="size"> Each apple approx. 180g; Product of Australia. </span>
                                </div>
                                <div class="purchasing">
                                    <div class="saving">
                                    </div>
                                    <div class="price">
                                        <span class="accessibility">Purchase price </span>
                                        <small>$</small>0.81
                                    </div>
                                    <div class="unit-price">
                                        <span class="accessibility">Unit price </span>$4.50 per 1Kg
                                    </div>
                                    <div class="special-offer">
                                    </div>
                                    <div class="availability">
                                        Temporarily unavailable
                                    </div>
                                    <div class="purchase">
                                        <input type="number" title="Add Quantity for Coles Fresh Granny Smith Apples 1 each" name="quantity" id="catEntry_16658_qty" value="1" maxlength="2" size="2" class="v-mandatory v-numeric v-minval-1">
                                        <button role="button" type="submit" title="Add to trolley&nbsp;Coles Fresh Granny Smith Apples 1 each" class="btn-red action-addToTrolley"><span role="presentation" aria-hidden="true">Add to trolley</span></button>
                                    </div>
                                </div>
                                <div class="lists">
                                </div>
                                <div class="actions">
                                    <div class="MUItemForTrolleyDiv MUItemForTrolley_42585" data-catentry="42585">
                                        <div class="MUul_42585">
                                            <div class="MUli_42585 hidden" aria-hidden="true">
                                                <span class="inTrolley"><span class="MUSpan_42585">0</span> in trolley</span>
                                            </div>
                                        </div>
                                    </div>
                                    <p class="clear"></p>
                                    <div class="member-usuals-remove">
                                        <a href="#" class="action-removeFromUsuals usuals-remove">Remove from list <span class="accessibility">Coles Fresh Granny Smith Apples 1 each</span></a>
                                    </div>
                                    <div class="list">
                                        <a href="#" class="action-addToList action-list-add">Add to list <span class="accessibility">Coles Fresh Granny Smith Apples 1 each</span></a>
                                    </div>
                                    <div class="member-list-add">
                                        <a href="#" class="action-addToList action-list-add">Add to another list <span class="accessibility">Coles Fresh Granny Smith Apples 1 each</span></a>
                                    </div>
                                    <div class="member-list-remove">
                                        <a href="#" class="action-removeFromList">Remove from list <span class="accessibility">Coles Fresh Granny Smith Apples 1 each</span></a>
                                    </div>
                                    <div class="compareProd" role="presentation" aria-hidden="true">
                                        <a href="#" class="compare compare-add">Compare</a>
                                    </div>
                                </div>
                                <div role="presentation" aria-hidden="true" id="share" class="share" data-social="{productImgUrl:'http://shop.coles.com.au:27900/wcsstore/Coles-CAS/images/4/0/8/408554-th.jpg'
	                                               ,productDisplayUrl:'http://shop.coles.com.au/online/national/apples-granny-smith-loose'
	                                               ,title:'Coles Fresh Granny Smith Apples Each apple approx. 180g; Product of Australia.'
	                                               ,description:''}">
                                </div>
                            </div>
                        </div>
                    </form>
                </div>
                <span class="available hidden"></span>
                <div class="outer-prod prodtile" data-refresh="{
					catalogId: &quot;10576&quot;,
					doInventory: &quot;N&quot;,
					fulfillmentCenterId: &quot;11576&quot;,
					forStoreId: &quot;10401&quot;,

					productDisplayURL: &quot;http://shop.coles.com.au/online/national/apples-granny-smith-prepacked&quot;
			}">
                    <form id="catEntryForm_81533" name="catEntryForm_81533" action="AjaxOrderChangeServiceItemAdd">
                        <div class=" " data-catentry="catEntry_81533" data-refresh="{
				addCalculationUsage: &quot;-1&quot;,
				langId: &quot;-1&quot;,
				storeId: &quot;10601&quot;,
				catEntryId: &quot;81533&quot;,
				catEntryName: &quot;Granny Smith Apples Prepacked&quot;,
				productView: &quot;list&quot;,
				productId: &quot;81533&quot;,
				itemId: &quot;147152&quot;,
				hideMultibuy: &quot;false&quot;,
                ticketType: &quot;&quot;,
                partNumber: &quot;4438740&quot;,
                offerCode: &quot;20160226&quot;
		}">
                            <div class="wrapper clearfix">
                                <h4 class="accessibility" id="heading_81533" tabindex="-1"> Coles Fresh&nbsp;Granny Smith Apples Prepacked&nbsp; 1kg&nbsp; </h4>
                                <div class="offer-icon"></div>
                                <a role="presentation" aria-hidden="true" class="product-url" href="http://shop.coles.com.au/online/national/apples-granny-smith-prepacked"> <img role="presentation" aria-hidden="true" class="photo" src="/wcsstore/Coles-CAS/images/4/4/3/4438740-th.jpg" onerror="this.src='/wcsstore/ColesStorefrontAssetStore/dist/1c712c4fe3ca/images/spacer.gif'" alt="Granny Smith Apples Prepacked" width="110" height="110"> </a>
                                <div class="detail">
                                    <span role="presentation" aria-hidden="true" class="brand">Coles Fresh</span>
                                    <span class="item" role="presentation" aria-hidden="true"> <a role="presentation" aria-hidden="true" class="product-url" href="http://shop.coles.com.au/online/national/apples-granny-smith-prepacked"> Granny Smith Apples Prepacked&nbsp; 1kg </a> </span>
                                    <span class="size"> Product of Australia. </span>
                                </div>
                                <div class="purchasing">
                                    <div class="saving">
                                    </div>
                                    <div class="price">
                                        <span class="accessibility">Purchase price </span>
                                        <small>$</small>4.50
                                    </div>
                                    <div class="unit-price">
                                        <span class="accessibility">Unit price </span>$4.50 per 1Kg
                                    </div>
                                    <div class="special-offer">
                                    </div>
                                    <div class="availability">
                                        Temporarily unavailable
                                    </div>
                                    <div class="purchase">
                                        <input type="number" title="Add Quantity for Coles Fresh Granny Smith Apples Prepacked 1kg" name="quantity" id="catEntry_81533_qty" value="1" maxlength="2" size="2" class="v-mandatory v-numeric v-minval-1">
                                        <button role="button" type="submit" title="Add to trolley&nbsp;Coles Fresh Granny Smith Apples Prepacked 1kg" class="btn-red action-addToTrolley"><span role="presentation" aria-hidden="true">Add to trolley</span></button>
                                    </div>
                                </div>
                                <div class="lists">
                                </div>
                                <div class="actions">
                                    <div class="MUItemForTrolleyDiv MUItemForTrolley_147152" data-catentry="147152">
                                        <div class="MUul_147152">
                                            <div class="MUli_147152 hidden" aria-hidden="true">
                                                <span class="inTrolley"><span class="MUSpan_147152">0</span> in trolley</span>
                                            </div>
                                        </div>
                                    </div>
                                    <p class="clear"></p>
                                    <div class="member-usuals-remove">
                                        <a href="#" class="action-removeFromUsuals usuals-remove">Remove from list <span class="accessibility">Coles Fresh Granny Smith Apples Prepacked 1kg</span></a>
                                    </div>
                                    <div class="list">
                                        <a href="#" class="action-addToList action-list-add">Add to list <span class="accessibility">Coles Fresh Granny Smith Apples Prepacked 1kg</span></a>
                                    </div>
                                    <div class="member-list-add">
                                        <a href="#" class="action-addToList action-list-add">Add to another list <span class="accessibility">Coles Fresh Granny Smith Apples Prepacked 1kg</span></a>
                                    </div>
                                    <div class="member-list-remove">
                                        <a href="#" class="action-removeFromList">Remove from list <span class="accessibility">Coles Fresh Granny Smith Apples Prepacked 1kg</span></a>
                                    </div>
                                    <div class="compareProd" role="presentation" aria-hidden="true">
                                        <a href="#" class="compare compare-add">Compare</a>
                                    </div>
                                    <a href="http://shop.coles.com.au/online/national/apples-granny-smith-prepacked" class="product-url accessibility">More details for Coles Fresh&nbsp;Granny Smith Apples Prepacked</a>
                                </div>
                                <div role="presentation" aria-hidden="true" id="share" class="share" data-social="{productImgUrl:'http://shop.coles.com.au:27900/wcsstore/Coles-CAS/images/4/4/3/4438740-th.jpg'
	                                               ,productDisplayUrl:'http://shop.coles.com.au/online/national/apples-granny-smith-prepacked'
	                                               ,title:'Coles Fresh Granny Smith Apples Prepacked Product of Australia.'
	                                               ,description:''}">
                                </div>
                            </div>
                        </div>
                    </form>
                </div>
                <span class="available hidden"></span>
                <div class="outer-prod prodtile" data-refresh="{
					catalogId: &quot;10576&quot;,
					doInventory: &quot;N&quot;,
					fulfillmentCenterId: &quot;11576&quot;,
					forStoreId: &quot;10401&quot;,

					productDisplayURL: &quot;http://shop.coles.com.au/online/national/preshafruit-juice-granny-smith-chilled&quot;
			}">
                    <form id="catEntryForm_67556" name="catEntryForm_67556" action="AjaxOrderChangeServiceItemAdd">
                        <div class=" " data-catentry="catEntry_67556" data-refresh="{
				addCalculationUsage: &quot;-1&quot;,
				langId: &quot;-1&quot;,
				storeId: &quot;10601&quot;,
				catEntryId: &quot;67556&quot;,
				catEntryName: &quot;Granny Smith Juice Chilled&quot;,
				productView: &quot;&quot;,
				productId: &quot;67556&quot;,
				itemId: &quot;129119&quot;,
				hideMultibuy: &quot;false&quot;,
                ticketType: &quot;&quot;,
                partNumber: &quot;7453739&quot;,
                offerCode: &quot;20160224&quot;
		}">
                            <div class="wrapper clearfix">
                                <h4 class="accessibility" id="heading_67556" tabindex="-1"> Preshafruit&nbsp;Granny Smith Juice Chilled&nbsp; 1L&nbsp; </h4>
                                <div class="offer-icon"></div>
                                <a role="presentation" aria-hidden="true" class="product-url" href="http://shop.coles.com.au/online/national/preshafruit-juice-granny-smith-chilled"> <img role="presentation" aria-hidden="true" class="photo" src="/wcsstore/Coles-CAS/images/7/4/5/7453739-th.jpg" onerror="this.src='/wcsstore/ColesStorefrontAssetStore/dist/1c712c4fe3ca/images/spacer.gif'" alt="Granny Smith Juice Chilled" width="110" height="110"> </a>
                                <div class="detail">
                                    <span role="presentation" aria-hidden="true" class="brand">Preshafruit</span>
                                    <span class="item" role="presentation" aria-hidden="true"> <a role="presentation" aria-hidden="true" class="product-url" href="http://shop.coles.com.au/online/national/preshafruit-juice-granny-smith-chilled"> Granny Smith Juice Chilled&nbsp; 1L </a> </span>
                                    <span class="size"> </span>
                                </div>
                                <div class="purchasing">
                                    <div class="saving">
                                    </div>
                                    <div class="price">
                                        <span class="accessibility">Purchase price </span>
                                        <small>$</small>5.50
                                    </div>
                                    <div class="unit-price">
                                        <span class="accessibility">Unit price </span>$5.50 per 1L
                                    </div>
                                    <div class="special-offer">
                                    </div>
                                    <div class="availability">
                                        Temporarily unavailable
                                    </div>
                                    <div class="purchase">
                                        <input type="number" title="Add Quantity for Preshafruit Granny Smith Juice Chilled 1L" name="quantity" id="catEntry_67556_qty" value="1" maxlength="2" size="2" class="v-mandatory v-numeric v-minval-1">
                                        <button role="button" type="submit" title="Add to trolley&nbsp;Preshafruit Granny Smith Juice Chilled 1L" class="btn-red action-addToTrolley"><span role="presentation" aria-hidden="true">Add to trolley</span></button>
                                    </div>
                                </div>
                                <div class="lists">
                                </div>
                                <div class="actions">
                                    <div class="MUItemForTrolleyDiv MUItemForTrolley_129119" data-catentry="129119">
                                        <div class="MUul_129119">
                                            <div class="MUli_129119 hidden" aria-hidden="true">
                                                <span class="inTrolley"><span class="MUSpan_129119">0</span> in trolley</span>
                                            </div>
                                        </div>
                                    </div>
                                    <p class="clear"></p>
                                    <div class="member-usuals-remove">
                                        <a href="#" class="action-removeFromUsuals usuals-remove">Remove from list <span class="accessibility">Preshafruit Granny Smith Juice Chilled 1L</span></a>
                                    </div>
                                    <div class="list">
                                        <a href="#" class="action-addToList action-list-add">Add to list <span class="accessibility">Preshafruit Granny Smith Juice Chilled 1L</span></a>
                                    </div>
                                    <div class="member-list-add">
                                        <a href="#" class="action-addToList action-list-add">Add to another list <span class="accessibility">Preshafruit Granny Smith Juice Chilled 1L</span></a>
                                    </div>
                                    <div class="member-list-remove">
                                        <a href="#" class="action-removeFromList">Remove from list <span class="accessibility">Preshafruit Granny Smith Juice Chilled 1L</span></a>
                                    </div>
                                    <div class="compareProd" role="presentation" aria-hidden="true">
                                        <a href="#" class="compare compare-add">Compare</a>
                                    </div>
                                </div>
                                <div role="presentation" aria-hidden="true" id="share" class="share" data-social="{productImgUrl:'http://shop.coles.com.au:27900/wcsstore/Coles-CAS/images/7/4/5/7453739-th.jpg'
	                                               ,productDisplayUrl:'http://shop.coles.com.au/online/national/preshafruit-juice-granny-smith-chilled'
	                                               ,title:'Preshafruit Granny Smith Juice Chilled '
	                                               ,description:''}">
                                </div>
                            </div>
                        </div>
                    </form>
                </div>
                <span class="available hidden"></span>
                <div class="outer-prod prodtile" data-refresh="{
					catalogId: &quot;10576&quot;,
					doInventory: &quot;N&quot;,
					fulfillmentCenterId: &quot;11576&quot;,
					forStoreId: &quot;10401&quot;,

					productDisplayURL: &quot;http://shop.coles.com.au/online/national/dick-smith-marmalade-fruit-orange-spreadable&quot;
			}">
                    <form id="catEntryForm_92029" name="catEntryForm_92029" action="AjaxOrderChangeServiceItemAdd">
                        <div class=" " data-catentry="catEntry_92029" data-refresh="{
				addCalculationUsage: &quot;-1&quot;,
				langId: &quot;-1&quot;,
				storeId: &quot;10601&quot;,
				catEntryId: &quot;92029&quot;,
				catEntryName: &quot;Spreadable Fruit Orange Marmalade&quot;,
				productView: &quot;list&quot;,
				productId: &quot;92029&quot;,
				itemId: &quot;155050&quot;,
				hideMultibuy: &quot;false&quot;,
                ticketType: &quot;&quot;,
                partNumber: &quot;9912826&quot;,
                offerCode: &quot;20151118&quot;
		}">
                            <div class="wrapper clearfix">
                                <h4 class="accessibility" id="heading_92029" tabindex="-1"> Dick Smith&nbsp;Spreadable Fruit Orange Marmalade&nbsp; 285g&nbsp; </h4>
                                <div class="offer-icon"></div>
                                <a role="presentation" aria-hidden="true" class="product-url" href="http://shop.coles.com.au/online/national/dick-smith-marmalade-fruit-orange-spreadable"> <img role="presentation" aria-hidden="true" class="photo" src="/wcsstore/Coles-CAS/images/9/9/1/9912826-th.jpg" onerror="this.src='/wcsstore/ColesStorefrontAssetStore/dist/1c712c4fe3ca/images/spacer.gif'" alt="Spreadable Fruit Orange Marmalade" width="110" height="110"> </a>
                                <div class="detail">
                                    <span role="presentation" aria-hidden="true" class="brand">Dick Smith</span>
                                    <span class="item" role="presentation" aria-hidden="true"> <a role="presentation" aria-hidden="true" class="product-url" href="http://shop.coles.com.au/online/national/dick-smith-marmalade-fruit-orange-spreadable"> Spreadable Fruit Orange Marmalade&nbsp; 285g </a> </span>
                                    <span class="size"> </span>
                                </div>
                                <div class="purchasing">
                                    <div class="saving">
                                    </div>
                                    <div class="price">
                                        <span class="accessibility">Purchase price </span>
                                        <small>$</small>4.95
                                    </div>
                                    <div class="unit-price">
                                        <span class="accessibility">Unit price </span>$1.74 per 100G
                                    </div>
                                    <div class="special-offer">
                                    </div>
                                    <div class="availability">
                                        Temporarily unavailable
                                    </div>
                                    <div class="purchase">
                                        <input type="number" title="Add Quantity for Dick Smith Spreadable Fruit Orange Marmalade 285g" name="quantity" id="catEntry_92029_qty" value="1" maxlength="2" size="2" class="v-mandatory v-numeric v-minval-1">
                                        <button role="button" type="submit" title="Add to trolley&nbsp;Dick Smith Spreadable Fruit Orange Marmalade 285g" class="btn-red action-addToTrolley"><span role="presentation" aria-hidden="true">Add to trolley</span></button>
                                    </div>
                                </div>
                                <div class="lists">
                                </div>
                                <div class="actions">
                                    <div class="MUItemForTrolleyDiv MUItemForTrolley_155050" data-catentry="155050">
                                        <div class="MUul_155050">
                                            <div class="MUli_155050 hidden" aria-hidden="true">
                                                <span class="inTrolley"><span class="MUSpan_155050">0</span> in trolley</span>
                                            </div>
                                        </div>
                                    </div>
                                    <p class="clear"></p>
                                    <div class="member-usuals-remove">
                                        <a href="#" class="action-removeFromUsuals usuals-remove">Remove from list <span class="accessibility">Dick Smith Spreadable Fruit Orange Marmalade 285g</span></a>
                                    </div>
                                    <div class="list">
                                        <a href="#" class="action-addToList action-list-add">Add to list <span class="accessibility">Dick Smith Spreadable Fruit Orange Marmalade 285g</span></a>
                                    </div>
                                    <div class="member-list-add">
                                        <a href="#" class="action-addToList action-list-add">Add to another list <span class="accessibility">Dick Smith Spreadable Fruit Orange Marmalade 285g</span></a>
                                    </div>
                                    <div class="member-list-remove">
                                        <a href="#" class="action-removeFromList">Remove from list <span class="accessibility">Dick Smith Spreadable Fruit Orange Marmalade 285g</span></a>
                                    </div>
                                    <div class="compareProd" role="presentation" aria-hidden="true">
                                        <a href="#" class="compare compare-add">Compare</a>
                                    </div>
                                    <a href="http://shop.coles.com.au/online/national/dick-smith-marmalade-fruit-orange-spreadable" class="product-url accessibility">More details for Dick Smith&nbsp;Spreadable Fruit Orange Marmalade</a>
                                </div>
                                <div role="presentation" aria-hidden="true" id="share" class="share" data-social="{productImgUrl:'http://shop.coles.com.au:27900/wcsstore/Coles-CAS/images/9/9/1/9912826-th.jpg'
	                                               ,productDisplayUrl:'http://shop.coles.com.au/online/national/dick-smith-marmalade-fruit-orange-spreadable'
	                                               ,title:'Dick Smith Spreadable Fruit Orange Marmalade '
	                                               ,description:'Magnificent Australian grown orange marmalade a 100% spreadable fruit with all natural ingredients sweetened only with fruit juice concentrate.'}">
                                </div>
                            </div>
                        </div>
                    </form>
                </div>
                <span class="available hidden"></span>
                <div class="outer-prod prodtile" data-refresh="{
					catalogId: &quot;10576&quot;,
					doInventory: &quot;N&quot;,
					fulfillmentCenterId: &quot;11576&quot;,
					forStoreId: &quot;10401&quot;,

					productDisplayURL: &quot;http://shop.coles.com.au/online/national/dick-smith-spreadable-fruit-strawberry&quot;
			}">
                    <form id="catEntryForm_99068" name="catEntryForm_99068" action="AjaxOrderChangeServiceItemAdd">
                        <div class=" " data-catentry="catEntry_99068" data-refresh="{
				addCalculationUsage: &quot;-1&quot;,
				langId: &quot;-1&quot;,
				storeId: &quot;10601&quot;,
				catEntryId: &quot;99068&quot;,
				catEntryName: &quot;Spreadable Fruit Strawberry Jam&quot;,
				productView: &quot;list&quot;,
				productId: &quot;99068&quot;,
				itemId: &quot;160029&quot;,
				hideMultibuy: &quot;false&quot;,
                ticketType: &quot;&quot;,
                partNumber: &quot;9912848&quot;,
                offerCode: &quot;20151118&quot;
		}">
                            <div class="wrapper clearfix">
                                <h4 class="accessibility" id="heading_99068" tabindex="-1"> Dick Smith&nbsp;Spreadable Fruit Strawberry Jam&nbsp; 285g&nbsp; </h4>
                                <div class="offer-icon"></div>
                                <a role="presentation" aria-hidden="true" class="product-url" href="http://shop.coles.com.au/online/national/dick-smith-spreadable-fruit-strawberry"> <img role="presentation" aria-hidden="true" class="photo" src="/wcsstore/Coles-CAS/images/9/9/1/9912848-th.jpg" onerror="this.src='/wcsstore/ColesStorefrontAssetStore/dist/1c712c4fe3ca/images/spacer.gif'" alt="Spreadable Fruit Strawberry Jam" width="110" height="110"> </a>
                                <div class="detail">
                                    <span role="presentation" aria-hidden="true" class="brand">Dick Smith</span>
                                    <span class="item" role="presentation" aria-hidden="true"> <a role="presentation" aria-hidden="true" class="product-url" href="http://shop.coles.com.au/online/national/dick-smith-spreadable-fruit-strawberry"> Spreadable Fruit Strawberry Jam&nbsp; 285g </a> </span>
                                    <span class="size"> </span>
                                </div>
                                <div class="purchasing">
                                    <div class="saving">
                                    </div>
                                    <div class="price">
                                        <span class="accessibility">Purchase price </span>
                                        <small>$</small>4.95
                                    </div>
                                    <div class="unit-price">
                                        <span class="accessibility">Unit price </span>$1.74 per 100G
                                    </div>
                                    <div class="special-offer">
                                    </div>
                                    <div class="availability">
                                        Temporarily unavailable
                                    </div>
                                    <div class="purchase">
                                        <input type="number" title="Add Quantity for Dick Smith Spreadable Fruit Strawberry Jam 285g" name="quantity" id="catEntry_99068_qty" value="1" maxlength="2" size="2" class="v-mandatory v-numeric v-minval-1">
                                        <button role="button" type="submit" title="Add to trolley&nbsp;Dick Smith Spreadable Fruit Strawberry Jam 285g" class="btn-red action-addToTrolley"><span role="presentation" aria-hidden="true">Add to trolley</span></button>
                                    </div>
                                </div>
                                <div class="lists">
                                </div>
                                <div class="actions">
                                    <div class="MUItemForTrolleyDiv MUItemForTrolley_160029" data-catentry="160029">
                                        <div class="MUul_160029">
                                            <div class="MUli_160029 hidden" aria-hidden="true">
                                                <span class="inTrolley"><span class="MUSpan_160029">0</span> in trolley</span>
                                            </div>
                                        </div>
                                    </div>
                                    <p class="clear"></p>
                                    <div class="member-usuals-remove">
                                        <a href="#" class="action-removeFromUsuals usuals-remove">Remove from list <span class="accessibility">Dick Smith Spreadable Fruit Strawberry Jam 285g</span></a>
                                    </div>
                                    <div class="list">
                                        <a href="#" class="action-addToList action-list-add">Add to list <span class="accessibility">Dick Smith Spreadable Fruit Strawberry Jam 285g</span></a>
                                    </div>
                                    <div class="member-list-add">
                                        <a href="#" class="action-addToList action-list-add">Add to another list <span class="accessibility">Dick Smith Spreadable Fruit Strawberry Jam 285g</span></a>
                                    </div>
                                    <div class="member-list-remove">
                                        <a href="#" class="action-removeFromList">Remove from list <span class="accessibility">Dick Smith Spreadable Fruit Strawberry Jam 285g</span></a>
                                    </div>
                                    <div class="compareProd" role="presentation" aria-hidden="true">
                                        <a href="#" class="compare compare-add">Compare</a>
                                    </div>
                                    <a href="http://shop.coles.com.au/online/national/dick-smith-spreadable-fruit-strawberry" class="product-url accessibility">More details for Dick Smith&nbsp;Spreadable Fruit Strawberry Jam</a>
                                </div>
                                <div role="presentation" aria-hidden="true" id="share" class="share" data-social="{productImgUrl:'http://shop.coles.com.au:27900/wcsstore/Coles-CAS/images/9/9/1/9912848-th.jpg'
	                                               ,productDisplayUrl:'http://shop.coles.com.au/online/national/dick-smith-spreadable-fruit-strawberry'
	                                               ,title:'Dick Smith Spreadable Fruit Strawberry Jam '
	                                               ,description:'All Natural Ingredients. No Cane Sugar.'}">
                                </div>
                            </div>
                        </div>
                    </form>
                </div>
                <span class="available hidden"></span>
                <div class="outer-prod prodtile" data-refresh="{
					catalogId: &quot;10576&quot;,
					doInventory: &quot;N&quot;,
					fulfillmentCenterId: &quot;11576&quot;,
					forStoreId: &quot;10401&quot;,

					productDisplayURL: &quot;http://shop.coles.com.au/online/national/dick-smith-ozesauce--sauce-tomato&quot;
			}">
                    <form id="catEntryForm_88365" name="catEntryForm_88365" action="AjaxOrderChangeServiceItemAdd">
                        <div class="promo every-day " data-catentry="catEntry_88365" data-refresh="{
				addCalculationUsage: &quot;-1&quot;,
				langId: &quot;-1&quot;,
				storeId: &quot;10601&quot;,
				catEntryId: &quot;88365&quot;,
				catEntryName: &quot;Squeezy Tomato Sauce&quot;,
				productView: &quot;list&quot;,
				productId: &quot;88365&quot;,
				itemId: &quot;148393&quot;,
				hideMultibuy: &quot;false&quot;,
                ticketType: &quot;V&quot;,
                partNumber: &quot;1011750&quot;,
                offerCode: &quot;114441245&quot;
		}">
                            <div class="wrapper clearfix">
                                <h4 class="accessibility" id="heading_88365" tabindex="-1"> Dick Smith&nbsp;Squeezy Tomato Sauce&nbsp; 500mL&nbsp; Every day low price </h4>
                                <div class="offer-icon"></div>
                                <a role="presentation" aria-hidden="true" class="product-url" href="http://shop.coles.com.au/online/national/dick-smith-ozesauce--sauce-tomato"> <img role="presentation" aria-hidden="true" class="photo" src="/wcsstore/Coles-CAS/images/1/0/1/1011750-th.jpg" onerror="this.src='/wcsstore/ColesStorefrontAssetStore/dist/1c712c4fe3ca/images/spacer.gif'" alt="Squeezy Tomato Sauce" width="110" height="110"> </a>
                                <div class="detail">
                                    <span role="presentation" aria-hidden="true" class="brand">Dick Smith</span>
                                    <span class="item" role="presentation" aria-hidden="true"> <a role="presentation" aria-hidden="true" class="product-url" href="http://shop.coles.com.au/online/national/dick-smith-ozesauce--sauce-tomato"> Squeezy Tomato Sauce&nbsp; 500mL </a> </span>
                                    <span class="size"> </span>
                                </div>
                                <div class="purchasing">
                                    <div class="saving">
                                    </div>
                                    <div class="price">
                                        <span class="accessibility">Purchase price </span>
                                        <small>$</small>2.99
                                    </div>
                                    <div class="unit-price">
                                        <span class="accessibility">Unit price </span>$0.60 per 100mL
                                    </div>
                                    <div class="special-offer">
                                    </div>
                                    <div class="availability">
                                        Temporarily unavailable
                                    </div>
                                    <div class="purchase">
                                        <input type="number" title="Add Quantity for Dick Smith Squeezy Tomato Sauce 500mL" name="quantity" id="catEntry_88365_qty" value="1" maxlength="2" size="2" class="v-mandatory v-numeric v-minval-1">
                                        <button role="button" type="submit" title="Add to trolley&nbsp;Dick Smith Squeezy Tomato Sauce 500mL" class="btn-red action-addToTrolley"><span role="presentation" aria-hidden="true">Add to trolley</span></button>
                                    </div>
                                </div>
                                <div class="lists">
                                </div>
                                <div class="actions">
                                    <div class="MUItemForTrolleyDiv MUItemForTrolley_148393" data-catentry="148393">
                                        <div class="MUul_148393">
                                            <div class="MUli_148393 hidden" aria-hidden="true">
                                                <span class="inTrolley"><span class="MUSpan_148393">0</span> in trolley</span>
                                            </div>
                                        </div>
                                    </div>
                                    <p class="clear"></p>
                                    <div class="member-usuals-remove">
                                        <a href="#" class="action-removeFromUsuals usuals-remove">Remove from list <span class="accessibility">Dick Smith Squeezy Tomato Sauce 500mL</span></a>
                                    </div>
                                    <div class="list">
                                        <a href="#" class="action-addToList action-list-add">Add to list <span class="accessibility">Dick Smith Squeezy Tomato Sauce 500mL</span></a>
                                    </div>
                                    <div class="member-list-add">
                                        <a href="#" class="action-addToList action-list-add">Add to another list <span class="accessibility">Dick Smith Squeezy Tomato Sauce 500mL</span></a>
                                    </div>
                                    <div class="member-list-remove">
                                        <a href="#" class="action-removeFromList">Remove from list <span class="accessibility">Dick Smith Squeezy Tomato Sauce 500mL</span></a>
                                    </div>
                                    <div class="compareProd" role="presentation" aria-hidden="true">
                                        <a href="#" class="compare compare-add">Compare</a>
                                    </div>
                                    <a href="http://shop.coles.com.au/online/national/dick-smith-ozesauce--sauce-tomato" class="product-url accessibility">More details for Dick Smith&nbsp;Squeezy Tomato Sauce</a>
                                </div>
                                <div role="presentation" aria-hidden="true" id="share" class="share" data-social="{productImgUrl:'http://shop.coles.com.au:27900/wcsstore/Coles-CAS/images/1/0/1/1011750-th.jpg'
	                                               ,productDisplayUrl:'http://shop.coles.com.au/online/national/dick-smith-ozesauce--sauce-tomato'
	                                               ,title:'Dick Smith Squeezy Tomato Sauce '
	                                               ,description:''}">
                                </div>
                            </div>
                        </div>
                    </form>
                </div>
                <span class="available hidden"></span>
                <div class="outer-prod prodtile" data-refresh="{
					catalogId: &quot;10576&quot;,
					doInventory: &quot;N&quot;,
					fulfillmentCenterId: &quot;11576&quot;,
					forStoreId: &quot;10401&quot;,

					productDisplayURL: &quot;http://shop.coles.com.au/online/national/dick-smith-ozemite&quot;
			}">
                    <form id="catEntryForm_99826" name="catEntryForm_99826" action="AjaxOrderChangeServiceItemAdd">
                        <div class=" " data-catentry="catEntry_99826" data-refresh="{
				addCalculationUsage: &quot;-1&quot;,
				langId: &quot;-1&quot;,
				storeId: &quot;10601&quot;,
				catEntryId: &quot;99826&quot;,
				catEntryName: &quot;Ozemite Spread&quot;,
				productView: &quot;list&quot;,
				productId: &quot;99826&quot;,
				itemId: &quot;156233&quot;,
				hideMultibuy: &quot;false&quot;,
                ticketType: &quot;&quot;,
                partNumber: &quot;9913115&quot;,
                offerCode: &quot;20151118&quot;
		}">
                            <div class="wrapper clearfix">
                                <h4 class="accessibility" id="heading_99826" tabindex="-1"> Dick Smith&nbsp;Ozemite Spread&nbsp; 175g&nbsp; </h4>
                                <div class="offer-icon"></div>
                                <a role="presentation" aria-hidden="true" class="product-url" href="http://shop.coles.com.au/online/national/dick-smith-ozemite"> <img role="presentation" aria-hidden="true" class="photo" src="/wcsstore/Coles-CAS/images/9/9/1/9913115-th.jpg" onerror="this.src='/wcsstore/ColesStorefrontAssetStore/dist/1c712c4fe3ca/images/spacer.gif'" alt="Ozemite Spread" width="110" height="110"> </a>
                                <div class="detail">
                                    <span role="presentation" aria-hidden="true" class="brand">Dick Smith</span>
                                    <span class="item" role="presentation" aria-hidden="true"> <a role="presentation" aria-hidden="true" class="product-url" href="http://shop.coles.com.au/online/national/dick-smith-ozemite"> Ozemite Spread&nbsp; 175g </a> </span>
                                    <span class="size"> </span>
                                </div>
                                <div class="purchasing">
                                    <div class="saving">
                                    </div>
                                    <div class="price">
                                        <span class="accessibility">Purchase price </span>
                                        <small>$</small>5.06
                                    </div>
                                    <div class="unit-price">
                                        <span class="accessibility">Unit price </span>$2.89 per 100G
                                    </div>
                                    <div class="special-offer">
                                    </div>
                                    <div class="availability">
                                        Temporarily unavailable
                                    </div>
                                    <div class="purchase">
                                        <input type="number" title="Add Quantity for Dick Smith Ozemite Spread 175g" name="quantity" id="catEntry_99826_qty" value="1" maxlength="2" size="2" class="v-mandatory v-numeric v-minval-1">
                                        <button role="button" type="submit" title="Add to trolley&nbsp;Dick Smith Ozemite Spread 175g" class="btn-red action-addToTrolley"><span role="presentation" aria-hidden="true">Add to trolley</span></button>
                                    </div>
                                </div>
                                <div class="lists">
                                </div>
                                <div class="actions">
                                    <div class="MUItemForTrolleyDiv MUItemForTrolley_156233" data-catentry="156233">
                                        <div class="MUul_156233">
                                            <div class="MUli_156233 hidden" aria-hidden="true">
                                                <span class="inTrolley"><span class="MUSpan_156233">0</span> in trolley</span>
                                            </div>
                                        </div>
                                    </div>
                                    <p class="clear"></p>
                                    <div class="member-usuals-remove">
                                        <a href="#" class="action-removeFromUsuals usuals-remove">Remove from list <span class="accessibility">Dick Smith Ozemite Spread 175g</span></a>
                                    </div>
                                    <div class="list">
                                        <a href="#" class="action-addToList action-list-add">Add to list <span class="accessibility">Dick Smith Ozemite Spread 175g</span></a>
                                    </div>
                                    <div class="member-list-add">
                                        <a href="#" class="action-addToList action-list-add">Add to another list <span class="accessibility">Dick Smith Ozemite Spread 175g</span></a>
                                    </div>
                                    <div class="member-list-remove">
                                        <a href="#" class="action-removeFromList">Remove from list <span class="accessibility">Dick Smith Ozemite Spread 175g</span></a>
                                    </div>
                                    <div class="compareProd" role="presentation" aria-hidden="true">
                                        <a href="#" class="compare compare-add">Compare</a>
                                    </div>
                                    <a href="http://shop.coles.com.au/online/national/dick-smith-ozemite" class="product-url accessibility">More details for Dick Smith&nbsp;Ozemite Spread</a>
                                </div>
                                <div role="presentation" aria-hidden="true" id="share" class="share" data-social="{productImgUrl:'http://shop.coles.com.au:27900/wcsstore/Coles-CAS/images/9/9/1/9913115-th.jpg'
	                                               ,productDisplayUrl:'http://shop.coles.com.au/online/national/dick-smith-ozemite'
	                                               ,title:'Dick Smith Ozemite Spread '
	                                               ,description:''}">
                                </div>
                            </div>
                        </div>
                    </form>
                </div>
                <span class="available hidden"></span>
                <div class="outer-prod prodtile" data-refresh="{
					catalogId: &quot;10576&quot;,
					doInventory: &quot;N&quot;,
					fulfillmentCenterId: &quot;11576&quot;,
					forStoreId: &quot;10401&quot;,

					productDisplayURL: &quot;http://shop.coles.com.au/online/national/dick-smith-cereal-bush-food&quot;
			}">
                    <form id="catEntryForm_105641" name="catEntryForm_105641" action="AjaxOrderChangeServiceItemAdd">
                        <div class="promo save " data-catentry="catEntry_105641" data-refresh="{
				addCalculationUsage: &quot;-1&quot;,
				langId: &quot;-1&quot;,
				storeId: &quot;10601&quot;,
				catEntryId: &quot;105641&quot;,
				catEntryName: &quot;Bush Food Cereal&quot;,
				productView: &quot;list&quot;,
				productId: &quot;105641&quot;,
				itemId: &quot;166172&quot;,
				hideMultibuy: &quot;false&quot;,
                ticketType: &quot;S&quot;,
                partNumber: &quot;9307352&quot;,
                offerCode: &quot;121586755&quot;
		}">
                            <div class="wrapper clearfix">
                                <h4 class="accessibility" id="heading_105641" tabindex="-1"> Dick Smith&nbsp;Bush Food Cereal&nbsp; 500g&nbsp; On special </h4>
                                <div class="offer-icon"></div>
                                <a role="presentation" aria-hidden="true" class="product-url" href="http://shop.coles.com.au/online/national/dick-smith-cereal-bush-food"> <img role="presentation" aria-hidden="true" class="photo" src="/wcsstore/Coles-CAS/images/9/3/0/9307352-th.jpg" onerror="this.src='/wcsstore/ColesStorefrontAssetStore/dist/1c712c4fe3ca/images/spacer.gif'" alt="Bush Food Cereal" width="110" height="110"> </a>
                                <div class="detail">
                                    <span role="presentation" aria-hidden="true" class="brand">Dick Smith</span>
                                    <span class="item" role="presentation" aria-hidden="true"> <a role="presentation" aria-hidden="true" class="product-url" href="http://shop.coles.com.au/online/national/dick-smith-cereal-bush-food"> Bush Food Cereal&nbsp; 500g </a> </span>
                                    <span class="size"> </span>
                                </div>
                                <div class="purchasing">
                                    <div class="saving">
                                        <span class="accessibility">Original price</span> was $5.89
                                        <span><span class="accessibility">You can</span> save $1.09</span>
                                    </div>
                                    <div class="price">
                                        <span class="accessibility">Purchase price </span>
                                        <small>$</small>4.80
                                    </div>
                                    <div class="unit-price">
                                        <span class="accessibility">Unit price </span>$0.96 per 100G
                                    </div>
                                    <div class="special-offer">
                                    </div>
                                    <div class="availability">
                                        Temporarily unavailable
                                    </div>
                                    <div class="purchase">
                                        <input type="number" title="Add Quantity for Dick Smith Bush Food Cereal 500g" name="quantity" id="catEntry_105641_qty" value="1" maxlength="2" size="2" class="v-mandatory v-numeric v-minval-1">
                                        <button role="button" type="submit" title="Add to trolley&nbsp;Dick Smith Bush Food Cereal 500g" class="btn-red action-addToTrolley"><span role="presentation" aria-hidden="true">Add to trolley</span></button>
                                    </div>
                                </div>
                                <div class="lists">
                                </div>
                                <div class="actions">
                                    <div class="MUItemForTrolleyDiv MUItemForTrolley_166172" data-catentry="166172">
                                        <div class="MUul_166172">
                                            <div class="MUli_166172 hidden" aria-hidden="true">
                                                <span class="inTrolley"><span class="MUSpan_166172">0</span> in trolley</span>
                                            </div>
                                        </div>
                                    </div>
                                    <p class="clear"></p>
                                    <div class="member-usuals-remove">
                                        <a href="#" class="action-removeFromUsuals usuals-remove">Remove from list <span class="accessibility">Dick Smith Bush Food Cereal 500g</span></a>
                                    </div>
                                    <div class="list">
                                        <a href="#" class="action-addToList action-list-add">Add to list <span class="accessibility">Dick Smith Bush Food Cereal 500g</span></a>
                                    </div>
                                    <div class="member-list-add">
                                        <a href="#" class="action-addToList action-list-add">Add to another list <span class="accessibility">Dick Smith Bush Food Cereal 500g</span></a>
                                    </div>
                                    <div class="member-list-remove">
                                        <a href="#" class="action-removeFromList">Remove from list <span class="accessibility">Dick Smith Bush Food Cereal 500g</span></a>
                                    </div>
                                    <div class="compareProd" role="presentation" aria-hidden="true">
                                        <a href="#" class="compare compare-add">Compare</a>
                                    </div>
                                    <a href="http://shop.coles.com.au/online/national/dick-smith-cereal-bush-food" class="product-url accessibility">More details for Dick Smith&nbsp;Bush Food Cereal</a>
                                </div>
                                <div role="presentation" aria-hidden="true" id="share" class="share" data-social="{productImgUrl:'http://shop.coles.com.au:27900/wcsstore/Coles-CAS/images/9/3/0/9307352-th.jpg'
	                                               ,productDisplayUrl:'http://shop.coles.com.au/online/national/dick-smith-cereal-bush-food'
	                                               ,title:'Dick Smith Bush Food Cereal '
	                                               ,description:''}">
                                </div>
                            </div>
                        </div>
                    </form>
                </div>
                <span class="available hidden"></span>
                <div class="outer-prod prodtile" data-refresh="{
					catalogId: &quot;10576&quot;,
					doInventory: &quot;N&quot;,
					fulfillmentCenterId: &quot;11576&quot;,
					forStoreId: &quot;10401&quot;,

					productDisplayURL: &quot;http://shop.coles.com.au/online/national/dick-smith-peanut-butter-smooth&quot;
			}">
                    <form id="catEntryForm_54852" name="catEntryForm_54852" action="AjaxOrderChangeServiceItemAdd">
                        <div class="promo save " data-catentry="catEntry_54852" data-refresh="{
				addCalculationUsage: &quot;-1&quot;,
				langId: &quot;-1&quot;,
				storeId: &quot;10601&quot;,
				catEntryId: &quot;54852&quot;,
				catEntryName: &quot;Smooth Peanut Butter&quot;,
				productView: &quot;list&quot;,
				productId: &quot;54852&quot;,
				itemId: &quot;111640&quot;,
				hideMultibuy: &quot;false&quot;,
                ticketType: &quot;S&quot;,
                partNumber: &quot;8464050&quot;,
                offerCode: &quot;121586894&quot;
		}">
                            <div class="wrapper clearfix">
                                <h4 class="accessibility" id="heading_54852" tabindex="-1"> Dick Smith&nbsp;Smooth Peanut Butter&nbsp; 375g&nbsp; On special </h4>
                                <div class="offer-icon"></div>
                                <a role="presentation" aria-hidden="true" class="product-url" href="http://shop.coles.com.au/online/national/dick-smith-peanut-butter-smooth"> <img role="presentation" aria-hidden="true" class="photo" src="/wcsstore/Coles-CAS/images/8/4/6/8464050-th.jpg" onerror="this.src='/wcsstore/ColesStorefrontAssetStore/dist/1c712c4fe3ca/images/spacer.gif'" alt="Smooth Peanut Butter" width="110" height="110"> </a>
                                <div class="detail">
                                    <span role="presentation" aria-hidden="true" class="brand">Dick Smith</span>
                                    <span class="item" role="presentation" aria-hidden="true"> <a role="presentation" aria-hidden="true" class="product-url" href="http://shop.coles.com.au/online/national/dick-smith-peanut-butter-smooth"> Smooth Peanut Butter&nbsp; 375g </a> </span>
                                    <span class="size"> </span>
                                </div>
                                <div class="purchasing">
                                    <div class="saving">
                                        <span class="accessibility">Original price</span> was $5.27
                                        <span><span class="accessibility">You can</span> save $1.27</span>
                                    </div>
                                    <div class="price">
                                        <span class="accessibility">Purchase price </span>
                                        <small>$</small>4.00
                                    </div>
                                    <div class="unit-price">
                                        <span class="accessibility">Unit price </span>$1.07 per 100G
                                    </div>
                                    <div class="special-offer">
                                    </div>
                                    <div class="availability">
                                        Temporarily unavailable
                                    </div>
                                    <div class="purchase">
                                        <input type="number" title="Add Quantity for Dick Smith Smooth Peanut Butter 375g" name="quantity" id="catEntry_54852_qty" value="1" maxlength="2" size="2" class="v-mandatory v-numeric v-minval-1">
                                        <button role="button" type="submit" title="Add to trolley&nbsp;Dick Smith Smooth Peanut Butter 375g" class="btn-red action-addToTrolley"><span role="presentation" aria-hidden="true">Add to trolley</span></button>
                                    </div>
                                </div>
                                <div class="lists">
                                </div>
                                <div class="actions">
                                    <div class="MUItemForTrolleyDiv MUItemForTrolley_111640" data-catentry="111640">
                                        <div class="MUul_111640">
                                            <div class="MUli_111640 hidden" aria-hidden="true">
                                                <span class="inTrolley"><span class="MUSpan_111640">0</span> in trolley</span>
                                            </div>
                                        </div>
                                    </div>
                                    <p class="clear"></p>
                                    <div class="member-usuals-remove">
                                        <a href="#" class="action-removeFromUsuals usuals-remove">Remove from list <span class="accessibility">Dick Smith Smooth Peanut Butter 375g</span></a>
                                    </div>
                                    <div class="list">
                                        <a href="#" class="action-addToList action-list-add">Add to list <span class="accessibility">Dick Smith Smooth Peanut Butter 375g</span></a>
                                    </div>
                                    <div class="member-list-add">
                                        <a href="#" class="action-addToList action-list-add">Add to another list <span class="accessibility">Dick Smith Smooth Peanut Butter 375g</span></a>
                                    </div>
                                    <div class="member-list-remove">
                                        <a href="#" class="action-removeFromList">Remove from list <span class="accessibility">Dick Smith Smooth Peanut Butter 375g</span></a>
                                    </div>
                                    <div class="compareProd" role="presentation" aria-hidden="true">
                                        <a href="#" class="compare compare-add">Compare</a>
                                    </div>
                                    <a href="http://shop.coles.com.au/online/national/dick-smith-peanut-butter-smooth" class="product-url accessibility">More details for Dick Smith&nbsp;Smooth Peanut Butter</a>
                                </div>
                                <div role="presentation" aria-hidden="true" id="share" class="share" data-social="{productImgUrl:'http://shop.coles.com.au:27900/wcsstore/Coles-CAS/images/8/4/6/8464050-th.jpg'
	                                               ,productDisplayUrl:'http://shop.coles.com.au/online/national/dick-smith-peanut-butter-smooth'
	                                               ,title:'Dick Smith Smooth Peanut Butter '
	                                               ,description:''}">
                                </div>
                            </div>
                        </div>
                    </form>
                </div>
                <span class="available hidden"></span>
                <div class="outer-prod prodtile" data-refresh="{
					catalogId: &quot;10576&quot;,
					doInventory: &quot;N&quot;,
					fulfillmentCenterId: &quot;11576&quot;,
					forStoreId: &quot;10401&quot;,

					productDisplayURL: &quot;http://shop.coles.com.au/online/national/dick-smith-peanut-butter-crunchy&quot;
			}">
                    <form id="catEntryForm_103909" name="catEntryForm_103909" action="AjaxOrderChangeServiceItemAdd">
                        <div class="promo save " data-catentry="catEntry_103909" data-refresh="{
				addCalculationUsage: &quot;-1&quot;,
				langId: &quot;-1&quot;,
				storeId: &quot;10601&quot;,
				catEntryId: &quot;103909&quot;,
				catEntryName: &quot;Crunchy Peanut Butter&quot;,
				productView: &quot;list&quot;,
				productId: &quot;103909&quot;,
				itemId: &quot;115910&quot;,
				hideMultibuy: &quot;false&quot;,
                ticketType: &quot;S&quot;,
                partNumber: &quot;8464060&quot;,
                offerCode: &quot;121586924&quot;
		}">
                            <div class="wrapper clearfix">
                                <h4 class="accessibility" id="heading_103909" tabindex="-1"> Dick Smith&nbsp;Crunchy Peanut Butter&nbsp; 375g&nbsp; On special </h4>
                                <div class="offer-icon"></div>
                                <a role="presentation" aria-hidden="true" class="product-url" href="http://shop.coles.com.au/online/national/dick-smith-peanut-butter-crunchy"> <img role="presentation" aria-hidden="true" class="photo" src="/wcsstore/Coles-CAS/images/8/4/6/8464060-th.jpg" onerror="this.src='/wcsstore/ColesStorefrontAssetStore/dist/1c712c4fe3ca/images/spacer.gif'" alt="Crunchy Peanut Butter" width="110" height="110"> </a>
                                <div class="detail">
                                    <span role="presentation" aria-hidden="true" class="brand">Dick Smith</span>
                                    <span class="item" role="presentation" aria-hidden="true"> <a role="presentation" aria-hidden="true" class="product-url" href="http://shop.coles.com.au/online/national/dick-smith-peanut-butter-crunchy"> Crunchy Peanut Butter&nbsp; 375g </a> </span>
                                    <span class="size"> </span>
                                </div>
                                <div class="purchasing">
                                    <div class="saving">
                                        <span class="accessibility">Original price</span> was $5.27
                                        <span><span class="accessibility">You can</span> save $1.27</span>
                                    </div>
                                    <div class="price">
                                        <span class="accessibility">Purchase price </span>
                                        <small>$</small>4.00
                                    </div>
                                    <div class="unit-price">
                                        <span class="accessibility">Unit price </span>$1.07 per 100G
                                    </div>
                                    <div class="special-offer">
                                    </div>
                                    <div class="availability">
                                        Temporarily unavailable
                                    </div>
                                    <div class="purchase">
                                        <input type="number" title="Add Quantity for Dick Smith Crunchy Peanut Butter 375g" name="quantity" id="catEntry_103909_qty" value="1" maxlength="2" size="2" class="v-mandatory v-numeric v-minval-1">
                                        <button role="button" type="submit" title="Add to trolley&nbsp;Dick Smith Crunchy Peanut Butter 375g" class="btn-red action-addToTrolley"><span role="presentation" aria-hidden="true">Add to trolley</span></button>
                                    </div>
                                </div>
                                <div class="lists">
                                </div>
                                <div class="actions">
                                    <div class="MUItemForTrolleyDiv MUItemForTrolley_115910" data-catentry="115910">
                                        <div class="MUul_115910">
                                            <div class="MUli_115910 hidden" aria-hidden="true">
                                                <span class="inTrolley"><span class="MUSpan_115910">0</span> in trolley</span>
                                            </div>
                                        </div>
                                    </div>
                                    <p class="clear"></p>
                                    <div class="member-usuals-remove">
                                        <a href="#" class="action-removeFromUsuals usuals-remove">Remove from list <span class="accessibility">Dick Smith Crunchy Peanut Butter 375g</span></a>
                                    </div>
                                    <div class="list">
                                        <a href="#" class="action-addToList action-list-add">Add to list <span class="accessibility">Dick Smith Crunchy Peanut Butter 375g</span></a>
                                    </div>
                                    <div class="member-list-add">
                                        <a href="#" class="action-addToList action-list-add">Add to another list <span class="accessibility">Dick Smith Crunchy Peanut Butter 375g</span></a>
                                    </div>
                                    <div class="member-list-remove">
                                        <a href="#" class="action-removeFromList">Remove from list <span class="accessibility">Dick Smith Crunchy Peanut Butter 375g</span></a>
                                    </div>
                                    <div class="compareProd" role="presentation" aria-hidden="true">
                                        <a href="#" class="compare compare-add">Compare</a>
                                    </div>
                                    <a href="http://shop.coles.com.au/online/national/dick-smith-peanut-butter-crunchy" class="product-url accessibility">More details for Dick Smith&nbsp;Crunchy Peanut Butter</a>
                                </div>
                                <div role="presentation" aria-hidden="true" id="share" class="share" data-social="{productImgUrl:'http://shop.coles.com.au:27900/wcsstore/Coles-CAS/images/8/4/6/8464060-th.jpg'
	                                               ,productDisplayUrl:'http://shop.coles.com.au/online/national/dick-smith-peanut-butter-crunchy'
	                                               ,title:'Dick Smith Crunchy Peanut Butter '
	                                               ,description:''}">
                                </div>
                            </div>
                        </div>
                    </form>
                </div>
                <div data-analytics="center-middle" class="genericESpot" id="WC_ContentAreaESpot_div_1_10669" style="width: 758px; min-height: 100px;">
                    <p class="caption" style="display:none" id="WC_ContentAreaESpot_div_2_10669">[SEARCH_RESULTS]</p>
                    <div class="ad" id="ad_10669">
                        <a id="WC_ContentAreaESpot_links_3_1" href="http://shop.coles.com.au/webapp/wcs/stores/servlet/ClickInfo?evtype=CpgnClick&amp;mpe_id=10669&amp;intv_id=0&amp;storeId=10601&amp;catalogId=10576&amp;langId=-1&amp;URL=ColesContentTemplateView%3fcontentType%3dhow-to-click-collect%26WT.ic_id%3dclick-collect-aisles"> <img src="/wcsstore/ColesStorefrontAssetStore/images/default-banners/728x90-leaderboard/DEFAULT-CnC-728x90.gif" alt="Banner for Click and Collect service. Click here for more info." border="0"> </a>
                    </div>
                </div>
                <div class="clear"></div>
                <span class="available hidden"></span>
                <div class="outer-prod prodtile" data-refresh="{
					catalogId: &quot;10576&quot;,
					doInventory: &quot;N&quot;,
					fulfillmentCenterId: &quot;11576&quot;,
					forStoreId: &quot;10401&quot;,

					productDisplayURL: &quot;http://shop.coles.com.au/online/national/smiths-crinkle-cut-crispy-bacon-potato-chips&quot;
			}">
                    <form id="catEntryForm_445010" name="catEntryForm_445010" action="AjaxOrderChangeServiceItemAdd">
                        <div class="promo multiBuy " data-catentry="catEntry_445010" data-refresh="{
				addCalculationUsage: &quot;-1&quot;,
				langId: &quot;-1&quot;,
				storeId: &quot;10601&quot;,
				catEntryId: &quot;445010&quot;,
				catEntryName: &quot;Potato Limited Edition&quot;,
				productView: &quot;list&quot;,
				productId: &quot;445010&quot;,
				itemId: &quot;445018&quot;,
				hideMultibuy: &quot;false&quot;,
                ticketType: &quot;M&quot;,
                partNumber: &quot;2358311&quot;,
                offerCode: &quot;20160224&quot;
		}">
                            <div class="wrapper clearfix">
                                <h4 class="accessibility" id="heading_445010" tabindex="-1"> Smiths Crinkle Chips&nbsp;Potato Limited Edition&nbsp; 170g&nbsp; On special </h4>
                                <div class="offer-icon"></div>
                                <a role="presentation" aria-hidden="true" class="product-url" href="http://shop.coles.com.au/online/national/smiths-crinkle-cut-crispy-bacon-potato-chips"> <img role="presentation" aria-hidden="true" class="photo" src="/wcsstore/Coles-CAS/images/2/3/5/2358311-th.jpg" onerror="this.src='/wcsstore/ColesStorefrontAssetStore/dist/1c712c4fe3ca/images/spacer.gif'" alt="Potato Limited Edition" width="110" height="110"> </a>
                                <div class="detail">
                                    <span role="presentation" aria-hidden="true" class="brand">Smiths Crinkle Chips</span>
                                    <span class="item" role="presentation" aria-hidden="true"> <a role="presentation" aria-hidden="true" class="product-url" href="http://shop.coles.com.au/online/national/smiths-crinkle-cut-crispy-bacon-potato-chips"> Potato Limited Edition&nbsp; 170g </a> </span>
                                    <span class="size"> </span>
                                </div>
                                <div class="purchasing" data-promotion="{qualifier: &quot;2&quot;,promotionId: &quot;10110039&quot;,catEntryIds: &quot;10211,11206,12117,13807,14083,14530,16667,17765,17777,18813,18818,19869,20270,25042,47376,56111,57977,67235,67917,71980,72675,73291,73292,73783,74413,77541,78205,86563,87922,87923,89065,107116,182165,182272,182307,182398,182399,244526,244530,256528,256591,322001,322002,322005,346050,347583,411505,444507,444525,444526,445001,445002,445003,445004,445005,445006,445009,445010,445011,445012,454512,454525,454526,454527,520017&quot;}">
                                    <div class="offer-detail">
                                        2 for $5
                                    </div>
                                    <div class="offer-price">
                                        SAVE&nbsp;$2.02 / $1.47 per 100G
                                    </div>
                                    <div class="availability">
                                        Temporarily unavailable
                                    </div>
                                    <div class="offer-purchase">
                                        <button type="button" value="Choose any 2" class="btn-red action-addMultibuyToTrolley">Choose any 2</button>
                                    </div>
                                    <div class="or">
                                        <span>OR</span>
                                    </div>
                                    <div class="std-price">
                                        1 for $3.51&nbsp;/&nbsp;$2.06 per 100G
                                    </div>
                                    <div class="availability">
                                        Temporarily unavailable
                                    </div>
                                    <div class="std-purchase">
                                        <input type="number" title="Add Quantity for Smiths Crinkle Chips Potato Limited Edition 170g" name="quantity" id="catEntry_445010_qty" value="1" maxlength="2" size="2" class="v-mandatory v-numeric v-minval-1">
                                        <button role="button" type="submit" title="Add to trolley&nbsp;Smiths Crinkle Chips Potato Limited Edition 170g" class="btn-red action-addToTrolley"><span role="presentation" aria-hidden="true">Add to trolley</span></button>
                                    </div>
                                </div>
                                <div class="actions">
                                    <div class="MUItemForTrolleyDiv MUItemForTrolley_445018" data-catentry="445018">
                                        <div class="MUul_445018">
                                            <div class="MUli_445018 hidden" aria-hidden="true">
                                                <span class="inTrolley"><span class="MUSpan_445018">0</span> in trolley</span>
                                            </div>
                                        </div>
                                    </div>
                                    <p class="clear"></p>
                                    <div class="member-usuals-remove">
                                        <a href="#" class="action-removeFromUsuals usuals-remove">Remove from list <span class="accessibility">Smiths Crinkle Chips Potato Limited Edition 170g</span></a>
                                    </div>
                                    <div class="list">
                                        <a href="#" class="action-addToList action-list-add">Add to list <span class="accessibility">Smiths Crinkle Chips Potato Limited Edition 170g</span></a>
                                    </div>
                                    <div class="member-list-add">
                                        <a href="#" class="action-addToList action-list-add">Add to another list <span class="accessibility">Smiths Crinkle Chips Potato Limited Edition 170g</span></a>
                                    </div>
                                    <div class="member-list-remove">
                                        <a href="#" class="action-removeFromList">Remove from list <span class="accessibility">Smiths Crinkle Chips Potato Limited Edition 170g</span></a>
                                    </div>
                                    <div class="compareProd" role="presentation" aria-hidden="true">
                                        <a href="#" class="compare compare-add">Compare</a>
                                    </div>
                                    <a href="http://shop.coles.com.au/online/national/smiths-crinkle-cut-crispy-bacon-potato-chips" class="product-url accessibility">More details for Smiths Crinkle Chips&nbsp;Potato Limited Edition</a>
                                </div>
                                <div role="presentation" aria-hidden="true" id="share" class="share" data-social="{productImgUrl:'http://shop.coles.com.au:27900/wcsstore/Coles-CAS/images/2/3/5/2358311-th.jpg'
	                                               ,productDisplayUrl:'http://shop.coles.com.au/online/national/smiths-crinkle-cut-crispy-bacon-potato-chips'
	                                               ,title:'Smiths Crinkle Chips Potato Limited Edition '
	                                               ,description:''}">
                                </div>
                            </div>
                        </div>
                    </form>
                </div>
            </div>
            <form id="analytics-data-search-navigation" name="analytics-data-search-navigation" method="post" action="" class="hidden" aria-hidden="true">
                <input type="hidden" name="WT.z_adevent" value="view">
                <input type="hidden" name="WT.z_ad" value="center-middle-SEARCH_RESULTS">
            </form>
            <div class="pagination clearfix">
                <form class="selector" id="frmResults" action="" method="post">
                    <label for="resultsPerPage">Results per page</label>
                    <select id="resultsPerPage" name="resultsPerPage"> <option value="20">20</option> <option value="40">40</option> <option selected value="100">100</option> </select>
                </form>
            </div>
        </div>
    </div>
    <div class="localisation-disclaimer msg-warning hidden">
        Can’t find what you’re looking for? You may not be seeing what’s available in your local store.
        <a href="#localisation" class="popup-launch" title="Tell us your location to see your local range">Tell us your location to see your local range</a>
    </div>
    <form id="analytics-data-search" name="analytics-data-search" method="post" action="" class="hidden" aria-hidden="true">
        <input type="hidden" name="WT.z_facet" value="">
        <input type="hidden" name="WT.oss_r" value="41">
        <input type="hidden" name="WT.cg_n" value="Search">
        <input type="hidden" name="WT.z_viewtype" value="list">
        <input type="hidden" name="WT.z_srchpage" value="1">
        <input type="hidden" name="WT.oss" value="smiths">
    </form>
</div>
</body>
</html>