<div id="searchDisplay"
     data-refresh="{refreshId:'searchView',multiSearch:'',productView:'list',searchTerm:'wrigleys mints',orderBy:'10601_4',beginIndex:'0', pageSize:'20',storeId:'10601',catalogId:'10576',browseView:'false'}">


    <div id="pageHead" class="clearfix">


        <div class="floatLeft">
            <ul class="breadcrumb">

                <li><a href="http://shop.coles.com.au/online/national" title="Navigate to the homepage">Home</a>
                    <span>&rarr;</span></li>

                <li>Search Results</li>

            </ul>
        </div>
        <div class="clear"></div>

        <div class="floatLeft">
            <p class="pageInfo">
                We&rsquo;ve found <span>45 matches</span> for your search.
            </p>
        </div>
        <div class="clear"></div>

        <div class="floatLeft">
            <h1 id="page-heading">
                wrigleys mints

            </h1>
        </div>

        <div class="floatRight pageInfoRight">
            <label for="orderBy" class="label">Sort by:</label>
            <div class="sortOrder rounded">
                <select id="orderBy" title="Product sort order" name="orderBy">
                    <option value="">Relevancy</option>
                    <option value="10601_5">Specials first</option>
                    <option value="10601_3">Lowest price first</option>
                    <option selected="selected" value="10601_4">Lowest unit price first</option>
                    <option value="1">A-Z (Brand)</option>
                    <option value="2">A-Z (Product Name)</option>
                </select>
            </div>


            <ul id="productView">
                <li class="viewSwitcher grid" data-view="grid">
                    <a href="#" title="Display products in grid view">
                        <span class="viewInfo ir">Switch to grid view</span>
                    </a>
                </li>
                <li class="viewSwitcher list" data-view="list">
                    <a href="#" title="Display products in list view" class="selected">
                        <span class="viewInfo ir">Switch to list view</span>
                    </a>
                </li>
                <li class="viewSwitcher text" data-view="text">
                    <a href="#" title="Display products in text view">
                        <span class="viewInfo ir">Switch to text view</span>
                    </a>
                </li>
            </ul>
        </div>

    </div>

    <div class="messageArea"></div>


    <div class="localisation-disclaimer msg-warning hidden">
        Prices and range may differ from region to region. <a href="#localisation" class="popup-launch"
                                                              title="Tell us your location to see your local prices">Tell
        us your location to see your local prices</a>
    </div>

    <div class="layout-20-80 clearfix">
        <div class="column-1">

            <div class="plain-box">


                <h2 class="keywords">Narrow your search:</h2>
                <ul id="keywords" role="presentation">
                    <li>
                        <a href="http://shop.coles.com.au/online/SearchDisplay?multiSearch=&amp;searchSource=&amp;showResultsPage=true&amp;langId=-1&amp;beginIndex=0&amp;sType=SimpleSearch&amp;browseView=false&amp;pageSize=20&amp;resultCatEntryType=&amp;catalogId=10576&amp;pageView=image&amp;searchTerm=wrigleys+mints&amp;storeId=10601"
                           title="Reset all">Reset all</a></li>
                    <li>
                        <ul role="presentation">

                            <li role="presentation">
                                <h3>Category</h3>

                                <a class="1"
                                   href="http://shop.coles.com.au/online/SearchDisplay?multiSearch=&amp;searchSource=&amp;showResultsPage=true&amp;langId=-1&amp;beginIndex=0&amp;sType=SimpleSearch&amp;browseView=false&amp;pageSize=20&amp;resultCatEntryType=&amp;catalogId=10576&amp;pageView=image&amp;searchTerm=wrigleys+mints&amp;storeId=10601"
                                   name="type-Category" title=""><span class="cat-facet">Show all</span>&nbsp;<span
                                        role="presentation" aria-hidden="true" class="cat-count">(45)</span><span
                                        class="cat-count accessibility">(45items)</span></a>

                                <ul>

                                    <li>

                                        <a href="http://shop.coles.com.au/online/SearchDisplay?searchTermScope=&amp;multiSearch=&amp;searchType=2&amp;maxPrice=&amp;showResultsPage=true&amp;langId=-1&amp;beginIndex=0&amp;sType=SimpleSearch&amp;metaData=&amp;browseView=false&amp;manufacturer=&amp;resultCatEntryType=&amp;catalogId=10576&amp;pageView=image&amp;searchTerm=wrigleys+mints&amp;minPrice=&amp;urlLangId=-1&amp;categoryId=241528&amp;storeId=10601"
                                           name="type-Category" title=""><span class="cat-facet">Mints</span>&nbsp;<span
                                                role="presentation" aria-hidden="true"
                                                class="cat-count">(13)</span><span class="cat-count accessibility">(13items)</span></a>

                                    </li>

                                    <li>

                                        <a href="http://shop.coles.com.au/online/SearchDisplay?searchTermScope=&amp;multiSearch=&amp;searchType=2&amp;maxPrice=&amp;showResultsPage=true&amp;langId=-1&amp;beginIndex=0&amp;sType=SimpleSearch&amp;metaData=&amp;browseView=false&amp;manufacturer=&amp;resultCatEntryType=&amp;catalogId=10576&amp;pageView=image&amp;searchTerm=wrigleys+mints&amp;minPrice=&amp;urlLangId=-1&amp;categoryId=25573&amp;storeId=10601"
                                           name="type-Category" title=""><span
                                                class="cat-facet">Pantry</span>&nbsp;<span role="presentation"
                                                                                           aria-hidden="true"
                                                                                           class="cat-count">(45)</span><span
                                                class="cat-count accessibility">(45items)</span></a>

                                    </li>

                                    <li>

                                        <a href="http://shop.coles.com.au/online/SearchDisplay?searchTermScope=&amp;multiSearch=&amp;searchType=2&amp;maxPrice=&amp;showResultsPage=true&amp;langId=-1&amp;beginIndex=0&amp;sType=SimpleSearch&amp;metaData=&amp;browseView=false&amp;manufacturer=&amp;resultCatEntryType=&amp;catalogId=10576&amp;pageView=image&amp;searchTerm=wrigleys+mints&amp;minPrice=&amp;urlLangId=-1&amp;categoryId=25980&amp;storeId=10601"
                                           name="type-Category" title=""><span class="cat-facet">Confectionery</span>&nbsp;<span
                                                role="presentation" aria-hidden="true"
                                                class="cat-count">(45)</span><span class="cat-count accessibility">(45items)</span></a>

                                    </li>

                                    <li>

                                        <a href="http://shop.coles.com.au/online/SearchDisplay?searchTermScope=&amp;multiSearch=&amp;searchType=2&amp;maxPrice=&amp;showResultsPage=true&amp;langId=-1&amp;beginIndex=0&amp;sType=SimpleSearch&amp;metaData=&amp;browseView=false&amp;manufacturer=&amp;resultCatEntryType=&amp;catalogId=10576&amp;pageView=image&amp;searchTerm=wrigleys+mints&amp;minPrice=&amp;urlLangId=-1&amp;categoryId=28249&amp;storeId=10601"
                                           name="type-Category" title=""><span class="cat-facet">Gum &amp; Mints</span>&nbsp;<span
                                                role="presentation" aria-hidden="true"
                                                class="cat-count">(45)</span><span class="cat-count accessibility">(45items)</span></a>

                                    </li>

                                    <li>

                                        <a href="http://shop.coles.com.au/online/SearchDisplay?searchTermScope=&amp;multiSearch=&amp;searchType=2&amp;maxPrice=&amp;showResultsPage=true&amp;langId=-1&amp;beginIndex=0&amp;sType=SimpleSearch&amp;metaData=&amp;browseView=false&amp;manufacturer=&amp;resultCatEntryType=&amp;catalogId=10576&amp;pageView=image&amp;searchTerm=wrigleys+mints&amp;minPrice=&amp;urlLangId=-1&amp;categoryId=478564&amp;storeId=10601"
                                           name="type-Category" title=""><span
                                                class="cat-facet">Specials &amp; Offers</span>&nbsp;<span
                                                role="presentation" aria-hidden="true"
                                                class="cat-count">(14)</span><span class="cat-count accessibility">(14items)</span></a>

                                    </li>

                                    <li>

                                        <a href="http://shop.coles.com.au/online/SearchDisplay?searchTermScope=&amp;multiSearch=&amp;searchType=2&amp;maxPrice=&amp;showResultsPage=true&amp;langId=-1&amp;beginIndex=0&amp;sType=SimpleSearch&amp;metaData=&amp;browseView=false&amp;manufacturer=&amp;resultCatEntryType=&amp;catalogId=10576&amp;pageView=image&amp;searchTerm=wrigleys+mints&amp;minPrice=&amp;urlLangId=-1&amp;categoryId=478627&amp;storeId=10601"
                                           name="type-Category" title=""><span class="cat-facet">Pantry Specials &amp; Offers</span>&nbsp;<span
                                                role="presentation" aria-hidden="true"
                                                class="cat-count">(14)</span><span class="cat-count accessibility">(14items)</span></a>

                                    </li>

                                    <li>

                                        <a href="http://shop.coles.com.au/online/SearchDisplay?searchTermScope=&amp;multiSearch=&amp;searchType=2&amp;maxPrice=&amp;showResultsPage=true&amp;langId=-1&amp;beginIndex=0&amp;sType=SimpleSearch&amp;metaData=&amp;browseView=false&amp;manufacturer=&amp;resultCatEntryType=&amp;catalogId=10576&amp;pageView=image&amp;searchTerm=wrigleys+mints&amp;minPrice=&amp;urlLangId=-1&amp;categoryId=479100&amp;storeId=10601"
                                           name="type-Category" title=""><span class="cat-facet">Confectionery Specials &amp; Offers</span>&nbsp;<span
                                                role="presentation" aria-hidden="true"
                                                class="cat-count">(14)</span><span class="cat-count accessibility">(14items)</span></a>

                                    </li>

                                    <li>

                                        <a href="http://shop.coles.com.au/online/SearchDisplay?searchTermScope=&amp;multiSearch=&amp;searchType=2&amp;maxPrice=&amp;showResultsPage=true&amp;langId=-1&amp;beginIndex=0&amp;sType=SimpleSearch&amp;metaData=&amp;browseView=false&amp;manufacturer=&amp;resultCatEntryType=&amp;catalogId=10576&amp;pageView=image&amp;searchTerm=wrigleys+mints&amp;minPrice=&amp;urlLangId=-1&amp;categoryId=811563&amp;storeId=10601"
                                           name="type-Category" title=""><span class="cat-facet">Healthy Living</span>&nbsp;<span
                                                role="presentation" aria-hidden="true" class="cat-count">(2)</span><span
                                                class="cat-count accessibility">(2items)</span></a>

                                    </li>

                                    <li>

                                        <a href="http://shop.coles.com.au/online/SearchDisplay?searchTermScope=&amp;multiSearch=&amp;searchType=2&amp;maxPrice=&amp;showResultsPage=true&amp;langId=-1&amp;beginIndex=0&amp;sType=SimpleSearch&amp;metaData=&amp;browseView=false&amp;manufacturer=&amp;resultCatEntryType=&amp;catalogId=10576&amp;pageView=image&amp;searchTerm=wrigleys+mints&amp;minPrice=&amp;urlLangId=-1&amp;categoryId=811589&amp;storeId=10601"
                                           name="type-Category" title=""><span class="cat-facet">Gluten Free</span>&nbsp;<span
                                                role="presentation" aria-hidden="true" class="cat-count">(2)</span><span
                                                class="cat-count accessibility">(2items)</span></a>

                                    </li>

                                    <li>

                                        <a href="http://shop.coles.com.au/online/SearchDisplay?searchTermScope=&amp;multiSearch=&amp;searchType=2&amp;maxPrice=&amp;showResultsPage=true&amp;langId=-1&amp;beginIndex=0&amp;sType=SimpleSearch&amp;metaData=&amp;browseView=false&amp;manufacturer=&amp;resultCatEntryType=&amp;catalogId=10576&amp;pageView=image&amp;searchTerm=wrigleys+mints&amp;minPrice=&amp;urlLangId=-1&amp;categoryId=811615&amp;storeId=10601"
                                           name="type-Category" title=""><span
                                                class="cat-facet">Pantry Gluten Free</span>&nbsp;<span
                                                role="presentation" aria-hidden="true" class="cat-count">(2)</span><span
                                                class="cat-count accessibility">(2items)</span></a>

                                    </li>

                                </ul>
                            </li>

                            <li role="presentation">
                                <h3>Brand</h3>

                                <a class="2"
                                   href="http://shop.coles.com.au/online/SearchDisplay?multiSearch=&amp;searchSource=&amp;showResultsPage=true&amp;langId=-1&amp;beginIndex=0&amp;sType=SimpleSearch&amp;browseView=false&amp;pageSize=20&amp;resultCatEntryType=&amp;catalogId=10576&amp;pageView=image&amp;searchTerm=wrigleys+mints&amp;storeId=10601"
                                   name="type-Brand" title=""><span class="cat-facet">Show all</span>&nbsp;<span
                                        role="presentation" aria-hidden="true" class="cat-count">(45)</span><span
                                        class="cat-count accessibility">(45items)</span></a>

                                <ul>

                                    <li>

                                        <a href="http://shop.coles.com.au/online/SearchDisplay?searchTermScope=&amp;multiSearch=&amp;searchType=2&amp;maxPrice=&amp;showResultsPage=true&amp;langId=-1&amp;beginIndex=0&amp;sType=SimpleSearch&amp;metaData=&amp;browseView=false&amp;manufacturer=&amp;resultCatEntryType=&amp;catalogId=10576&amp;pageView=image&amp;searchTerm=wrigleys+mints&amp;facet=mfName_ntk_cs%253A%2522Wrigley%2522&amp;minPrice=&amp;storeId=10601"
                                           name="type-Brand" title=""><span class="cat-facet">Wrigley</span>&nbsp;<span
                                                role="presentation" aria-hidden="true"
                                                class="cat-count">(45)</span><span class="cat-count accessibility">(45items)</span></a>

                                    </li>

                                </ul>
                            </li>

                            <li role="presentation">
                                <h3>Type</h3>

                                <a class="2"
                                   href="http://shop.coles.com.au/online/SearchDisplay?multiSearch=&amp;searchSource=&amp;showResultsPage=true&amp;langId=-1&amp;beginIndex=0&amp;sType=SimpleSearch&amp;browseView=false&amp;pageSize=20&amp;resultCatEntryType=&amp;catalogId=10576&amp;pageView=image&amp;searchTerm=wrigleys+mints&amp;storeId=10601"
                                   name="type-Type" title=""><span class="cat-facet">Show all</span>&nbsp;<span
                                        role="presentation" aria-hidden="true" class="cat-count">(45)</span><span
                                        class="cat-count accessibility">(45items)</span></a>

                                <ul>

                                    <li>

                                        <a href="http://shop.coles.com.au/online/SearchDisplay?searchTermScope=&amp;multiSearch=&amp;searchType=2&amp;maxPrice=&amp;showResultsPage=true&amp;langId=-1&amp;beginIndex=0&amp;sType=SimpleSearch&amp;metaData=&amp;browseView=false&amp;manufacturer=&amp;resultCatEntryType=&amp;catalogId=10576&amp;pageView=image&amp;searchTerm=wrigleys+mints&amp;facet=ads_f8_ntk_cs%253A%2522Chewing%2B%2526%2BBubblegum%2522&amp;minPrice=&amp;storeId=10601"
                                           name="type-Type" title=""><span
                                                class="cat-facet">Chewing &amp; Bubblegum</span>&nbsp;<span
                                                role="presentation" aria-hidden="true"
                                                class="cat-count">(26)</span><span class="cat-count accessibility">(26items)</span></a>

                                    </li>

                                    <li>

                                        <a href="http://shop.coles.com.au/online/SearchDisplay?searchTermScope=&amp;multiSearch=&amp;searchType=2&amp;maxPrice=&amp;showResultsPage=true&amp;langId=-1&amp;beginIndex=0&amp;sType=SimpleSearch&amp;metaData=&amp;browseView=false&amp;manufacturer=&amp;resultCatEntryType=&amp;catalogId=10576&amp;pageView=image&amp;searchTerm=wrigleys+mints&amp;facet=ads_f8_ntk_cs%253A%2522Mints%2B%2526%2BBreath%2BFresheners%2522&amp;minPrice=&amp;storeId=10601"
                                           name="type-Type" title=""><span class="cat-facet">Mints &amp; Breath Fresheners</span>&nbsp;<span
                                                role="presentation" aria-hidden="true" class="cat-count">(7)</span><span
                                                class="cat-count accessibility">(7items)</span></a>

                                    </li>

                                </ul>
                            </li>

                            <li role="presentation">
                                <h3>Dietary</h3>

                                <a class="2"
                                   href="http://shop.coles.com.au/online/SearchDisplay?multiSearch=&amp;searchSource=&amp;showResultsPage=true&amp;langId=-1&amp;beginIndex=0&amp;sType=SimpleSearch&amp;browseView=false&amp;pageSize=20&amp;resultCatEntryType=&amp;catalogId=10576&amp;pageView=image&amp;searchTerm=wrigleys+mints&amp;storeId=10601"
                                   name="type-Dietary" title=""><span class="cat-facet">Show all</span>&nbsp;<span
                                        role="presentation" aria-hidden="true" class="cat-count">(45)</span><span
                                        class="cat-count accessibility">(45items)</span></a>

                                <ul>

                                    <li>

                                        <a href="http://shop.coles.com.au/online/SearchDisplay?searchTermScope=&amp;multiSearch=&amp;searchType=2&amp;maxPrice=&amp;showResultsPage=true&amp;langId=-1&amp;beginIndex=0&amp;sType=SimpleSearch&amp;metaData=&amp;browseView=false&amp;manufacturer=&amp;resultCatEntryType=&amp;catalogId=10576&amp;pageView=image&amp;searchTerm=wrigleys+mints&amp;facet=ads_f3_ntk_cs%253A%2522No%2BAdded%2BSugars%2522&amp;minPrice=&amp;storeId=10601"
                                           name="type-Dietary" title=""><span class="cat-facet">No Added Sugars</span>&nbsp;<span
                                                role="presentation" aria-hidden="true" class="cat-count">(1)</span><span
                                                class="cat-count accessibility">(1items)</span></a>

                                    </li>

                                </ul>
                            </li>

                            <li role="presentation">
                                <h3>Allergen</h3>

                                <a class="2"
                                   href="http://shop.coles.com.au/online/SearchDisplay?multiSearch=&amp;searchSource=&amp;showResultsPage=true&amp;langId=-1&amp;beginIndex=0&amp;sType=SimpleSearch&amp;browseView=false&amp;pageSize=20&amp;resultCatEntryType=&amp;catalogId=10576&amp;pageView=image&amp;searchTerm=wrigleys+mints&amp;storeId=10601"
                                   name="type-Allergen" title=""><span class="cat-facet">Show all</span>&nbsp;<span
                                        role="presentation" aria-hidden="true" class="cat-count">(45)</span><span
                                        class="cat-count accessibility">(45items)</span></a>

                                <ul>

                                    <li>

                                        <a href="http://shop.coles.com.au/online/SearchDisplay?searchTermScope=&amp;multiSearch=&amp;searchType=2&amp;maxPrice=&amp;showResultsPage=true&amp;langId=-1&amp;beginIndex=0&amp;sType=SimpleSearch&amp;metaData=&amp;browseView=false&amp;manufacturer=&amp;resultCatEntryType=&amp;catalogId=10576&amp;pageView=image&amp;searchTerm=wrigleys+mints&amp;facet=ads_f2_ntk_cs%253A%2522Sugar%2BFree%2522&amp;minPrice=&amp;storeId=10601"
                                           name="type-Allergen" title=""><span class="cat-facet">Sugar Free</span>&nbsp;<span
                                                role="presentation" aria-hidden="true"
                                                class="cat-count">(19)</span><span class="cat-count accessibility">(19items)</span></a>

                                    </li>

                                    <li>

                                        <a href="http://shop.coles.com.au/online/SearchDisplay?searchTermScope=&amp;multiSearch=&amp;searchType=2&amp;maxPrice=&amp;showResultsPage=true&amp;langId=-1&amp;beginIndex=0&amp;sType=SimpleSearch&amp;metaData=&amp;browseView=false&amp;manufacturer=&amp;resultCatEntryType=&amp;catalogId=10576&amp;pageView=image&amp;searchTerm=wrigleys+mints&amp;facet=ads_f2_ntk_cs%253A%2522Gluten%2BFree%2522&amp;minPrice=&amp;storeId=10601"
                                           name="type-Allergen" title=""><span class="cat-facet">Gluten Free</span>&nbsp;<span
                                                role="presentation" aria-hidden="true" class="cat-count">(2)</span><span
                                                class="cat-count accessibility">(2items)</span></a>

                                    </li>

                                </ul>
                            </li>

                        </ul>
                    </li>
                </ul>
                <button type="submit" class="hidden" title="Refine results">Refine results</button>
            </div>

        </div>


        <div id="searchResults" class="column-2">

            <div class="list-view viewContainer clearfix searchEspot">
                <p id="skip-to-products" class="accessibility">Product list for wrigleys mints</p>


                <span class="available hidden"></span>


                <div class="outer-prod prodtile"
                     data-refresh='{
					catalogId: "10576",
					doInventory: "N",
					fulfillmentCenterId: "11576",
					forStoreId: "10401",

					productDisplayURL: "http://shop.coles.com.au/online/national/wrigley-eclipse-spearmint-mint-pouch"
			}'>
                    <form id="catEntryForm_403510" name="catEntryForm_403510" action="AjaxOrderChangeServiceItemAdd">

                        <div class="promo save " data-catentry="catEntry_403510"
                             data-refresh='{
				addCalculationUsage: "-1",
				langId: "-1",
				storeId: "10601",
				catEntryId: "403510",
				catEntryName: "Eclipse Spearmint Mint Pouch",
				productView: "",
				productId: "403510",
				itemId: "403644",
				hideMultibuy: "false",
                ticketType: "S",
                partNumber: "2099213",
                offerCode: "120420995"
		}'>
                            <div class="wrapper clearfix">


                                <h4 class="accessibility" id="heading_403510" tabindex="-1">
                                    Wrigley&nbsp;Eclipse Spearmint Mint Pouch&nbsp;
                                    70g&nbsp;
                                    On special
                                </h4>

                                <div class="offer-icon"></div>
                                <a role="presentation" aria-hidden="true" class="product-url"
                                   href="http://shop.coles.com.au/online/national/wrigley-eclipse-spearmint-mint-pouch">
                                    <img role="presentation" aria-hidden="true" class="photo"
                                         src="/wcsstore/Coles-CAS/images/2/0/9/2099213-th.jpg"
                                         onError="this.src='/wcsstore/ColesStorefrontAssetStore/dist/4a2efd911ff2/images/spacer.gif'"
                                         alt="Eclipse Spearmint Mint Pouch"
                                         width="110"
                                         height="110"/>
                                </a>

                                <div class="detail">
                                    <span role="presentation" aria-hidden="true" class="brand">Wrigley</span>
    <span class="item" role="presentation" aria-hidden="true">
        <a role="presentation" aria-hidden="true" class="product-url"
           href="http://shop.coles.com.au/online/national/wrigley-eclipse-spearmint-mint-pouch">
            Eclipse Spearmint Mint Pouch&nbsp;
            70g
        </a>
    </span>
	<span class="size">

 	</span>
                                </div>


                                <div class="purchasing">
                                    <div class="saving">

                                        <span class="accessibility">Original price</span> was $3.30
                                        <span><span class="accessibility">You can</span> save $0.80</span>

                                    </div>

                                    <div class="price"><span class="accessibility">Purchase price </span>
                                        <small>$</small>
                                        2.50
                                    </div>

                                    <div class="unit-price"><span class="accessibility">Unit price </span>$3.57 per 100G
                                    </div>
                                    <div class="special-offer">

                                    </div>
                                    <div class="availability">Temporarily unavailable</div>
                                    <div class="purchase">

                                        <input type="number"
                                               title="Add Quantity for Wrigley Eclipse Spearmint Mint Pouch 70g"
                                               name="quantity" id="catEntry_403510_qty" value="1" maxlength="2" size="2"
                                               class="v-mandatory v-numeric v-minval-1">
                                        <button role="button" type="submit"
                                                title="Add to trolley&nbsp;Wrigley Eclipse Spearmint Mint Pouch 70g"
                                                class="btn-red action-addToTrolley"><span role="presentation"
                                                                                          aria-hidden="true">Add to trolley</span>
                                        </button>

                                    </div>
                                </div>
                                <div class="lists">

                                </div>


                                <div class="actions">

                                    <div class="MUItemForTrolleyDiv MUItemForTrolley_403644" data-catentry="403644">
                                        <div class="MUul_403644">
                                            <div class="MUli_403644 hidden" aria-hidden="true"><span
                                                    class="inTrolley"><span
                                                    class="MUSpan_403644">0</span> in trolley</span></div>
                                        </div>
                                    </div>
                                    <p class="clear"></p>

                                    <div class="member-usuals-remove">
                                        <a href="#" class="action-removeFromUsuals usuals-remove">Remove from list <span
                                                class="accessibility">Wrigley Eclipse Spearmint Mint Pouch 70g</span></a>
                                    </div>

                                    <div class="list">
                                        <a href="#" class="action-addToList action-list-add">Add to list <span
                                                class="accessibility">Wrigley Eclipse Spearmint Mint Pouch 70g</span></a>
                                    </div>
                                    <div class="member-list-add">
                                        <a href="#" class="action-addToList action-list-add">Add to another list <span
                                                class="accessibility">Wrigley Eclipse Spearmint Mint Pouch 70g</span></a>
                                    </div>

                                    <div class="member-list-remove">
                                        <a href="#" class="action-removeFromList">Remove from list <span
                                                class="accessibility">Wrigley Eclipse Spearmint Mint Pouch 70g</span></a>
                                    </div>

                                    <div class="compareProd" role="presentation" aria-hidden="true">
                                        <a href="#" class="compare compare-add">Compare</a>
                                    </div>

                                </div>


                                <div role="presentation" aria-hidden="true" id="share" class="share" data-social="{productImgUrl:'http://shop.coles.com.au:27900/wcsstore/Coles-CAS/images/2/0/9/2099213-th.jpg'
	                                               ,productDisplayUrl:'http://shop.coles.com.au/online/national/wrigley-eclipse-spearmint-mint-pouch'
	                                               ,title:'Wrigley Eclipse Spearmint Mint Pouch '
	                                               ,description:''}">
                                </div>

                            </div>
                        </div>


                    </form>
                </div>


                <span class="available hidden"></span>


                <div class="outer-prod prodtile"
                     data-refresh='{
					catalogId: "10576",
					doInventory: "N",
					fulfillmentCenterId: "11576",
					forStoreId: "10401",

					productDisplayURL: "http://shop.coles.com.au/online/national/wrigley-eclipse-peppermint-mint-pouch"
			}'>
                    <form id="catEntryForm_403525" name="catEntryForm_403525" action="AjaxOrderChangeServiceItemAdd">

                        <div class="promo save " data-catentry="catEntry_403525"
                             data-refresh='{
				addCalculationUsage: "-1",
				langId: "-1",
				storeId: "10601",
				catEntryId: "403525",
				catEntryName: "Eclipse Peppermint Mint Pouch",
				productView: "list",
				productId: "403525",
				itemId: "403695",
				hideMultibuy: "false",
                ticketType: "S",
                partNumber: "2099202",
                offerCode: "120420969"
		}'>
                            <div class="wrapper clearfix">


                                <h4 class="accessibility" id="heading_403525" tabindex="-1">
                                    Wrigley&nbsp;Eclipse Peppermint Mint Pouch&nbsp;
                                    70g&nbsp;
                                    On special
                                </h4>

                                <div class="offer-icon"></div>
                                <a role="presentation" aria-hidden="true" class="product-url"
                                   href="http://shop.coles.com.au/online/national/wrigley-eclipse-peppermint-mint-pouch">
                                    <img role="presentation" aria-hidden="true" class="photo"
                                         src="/wcsstore/Coles-CAS/images/2/0/9/2099202-th.jpg"
                                         onError="this.src='/wcsstore/ColesStorefrontAssetStore/dist/4a2efd911ff2/images/spacer.gif'"
                                         alt="Eclipse Peppermint Mint Pouch"
                                         width="110"
                                         height="110"/>
                                </a>

                                <div class="detail">
                                    <span role="presentation" aria-hidden="true" class="brand">Wrigley</span>
    <span class="item" role="presentation" aria-hidden="true">
        <a role="presentation" aria-hidden="true" class="product-url"
           href="http://shop.coles.com.au/online/national/wrigley-eclipse-peppermint-mint-pouch">
            Eclipse Peppermint Mint Pouch&nbsp;
            70g
        </a>
    </span>
	<span class="size">

 	</span>
                                </div>


                                <div class="purchasing">
                                    <div class="saving">

                                        <span class="accessibility">Original price</span> was $3.30
                                        <span><span class="accessibility">You can</span> save $0.80</span>

                                    </div>

                                    <div class="price"><span class="accessibility">Purchase price </span>
                                        <small>$</small>
                                        2.50
                                    </div>

                                    <div class="unit-price"><span class="accessibility">Unit price </span>$3.57 per 100G
                                    </div>
                                    <div class="special-offer">

                                    </div>
                                    <div class="availability">Temporarily unavailable</div>
                                    <div class="purchase">

                                        <input type="number"
                                               title="Add Quantity for Wrigley Eclipse Peppermint Mint Pouch 70g"
                                               name="quantity" id="catEntry_403525_qty" value="1" maxlength="2" size="2"
                                               class="v-mandatory v-numeric v-minval-1">
                                        <button role="button" type="submit"
                                                title="Add to trolley&nbsp;Wrigley Eclipse Peppermint Mint Pouch 70g"
                                                class="btn-red action-addToTrolley"><span role="presentation"
                                                                                          aria-hidden="true">Add to trolley</span>
                                        </button>

                                    </div>
                                </div>
                                <div class="lists">

                                </div>


                                <div class="actions">

                                    <div class="MUItemForTrolleyDiv MUItemForTrolley_403695" data-catentry="403695">
                                        <div class="MUul_403695">
                                            <div class="MUli_403695 hidden" aria-hidden="true"><span
                                                    class="inTrolley"><span
                                                    class="MUSpan_403695">0</span> in trolley</span></div>
                                        </div>
                                    </div>
                                    <p class="clear"></p>

                                    <div class="member-usuals-remove">
                                        <a href="#" class="action-removeFromUsuals usuals-remove">Remove from list <span
                                                class="accessibility">Wrigley Eclipse Peppermint Mint Pouch 70g</span></a>
                                    </div>

                                    <div class="list">
                                        <a href="#" class="action-addToList action-list-add">Add to list <span
                                                class="accessibility">Wrigley Eclipse Peppermint Mint Pouch 70g</span></a>
                                    </div>
                                    <div class="member-list-add">
                                        <a href="#" class="action-addToList action-list-add">Add to another list <span
                                                class="accessibility">Wrigley Eclipse Peppermint Mint Pouch 70g</span></a>
                                    </div>

                                    <div class="member-list-remove">
                                        <a href="#" class="action-removeFromList">Remove from list <span
                                                class="accessibility">Wrigley Eclipse Peppermint Mint Pouch 70g</span></a>
                                    </div>

                                    <div class="compareProd" role="presentation" aria-hidden="true">
                                        <a href="#" class="compare compare-add">Compare</a>
                                    </div>

                                    <a href="http://shop.coles.com.au/online/national/wrigley-eclipse-peppermint-mint-pouch"
                                       class="product-url accessibility">More details for Wrigley&nbsp;Eclipse
                                        Peppermint Mint Pouch</a>

                                </div>


                                <div role="presentation" aria-hidden="true" id="share" class="share" data-social="{productImgUrl:'http://shop.coles.com.au:27900/wcsstore/Coles-CAS/images/2/0/9/2099202-th.jpg'
	                                               ,productDisplayUrl:'http://shop.coles.com.au/online/national/wrigley-eclipse-peppermint-mint-pouch'
	                                               ,title:'Wrigley Eclipse Peppermint Mint Pouch '
	                                               ,description:''}">
                                </div>

                            </div>
                        </div>


                    </form>
                </div>


                <span class="available hidden"></span>


                <div class="outer-prod prodtile"
                     data-refresh='{
					catalogId: "10576",
					doInventory: "N",
					fulfillmentCenterId: "11576",
					forStoreId: "10401",

					productDisplayURL: "http://shop.coles.com.au/online/national/wrigleys-extra-white-peppermint-46-pack"
			}'>
                    <form id="catEntryForm_79575" name="catEntryForm_79575" action="AjaxOrderChangeServiceItemAdd">

                        <div class=" " data-catentry="catEntry_79575"
                             data-refresh='{
				addCalculationUsage: "-1",
				langId: "-1",
				storeId: "10601",
				catEntryId: "79575",
				catEntryName: "Extra White Peppermint Chewing Gum Bottle 46 Pack",
				productView: "",
				productId: "79575",
				itemId: "140957",
				hideMultibuy: "false",
                ticketType: "",
                partNumber: "5727695",
                offerCode: "20150210"
		}'>
                            <div class="wrapper clearfix">


                                <h4 class="accessibility" id="heading_79575" tabindex="-1">
                                    Wrigley&nbsp;Extra White Peppermint Chewing Gum Bottle 46 Pack&nbsp;
                                    64g&nbsp;

                                </h4>

                                <div class="offer-icon"></div>
                                <a role="presentation" aria-hidden="true" class="product-url"
                                   href="http://shop.coles.com.au/online/national/wrigleys-extra-white-peppermint-46-pack">
                                    <img role="presentation" aria-hidden="true" class="photo"
                                         src="/wcsstore/Coles-CAS/images/5/7/2/5727695-th.jpg"
                                         onError="this.src='/wcsstore/ColesStorefrontAssetStore/dist/4a2efd911ff2/images/spacer.gif'"
                                         alt="Extra White Peppermint Chewing Gum Bottle 46 Pack"
                                         width="110"
                                         height="110"/>
                                </a>

                                <div class="detail">
                                    <span role="presentation" aria-hidden="true" class="brand">Wrigley</span>
    <span class="item" role="presentation" aria-hidden="true">
        <a role="presentation" aria-hidden="true" class="product-url"
           href="http://shop.coles.com.au/online/national/wrigleys-extra-white-peppermint-46-pack">
            Extra White Peppermint Chewing Gum Bottle 46 Pack&nbsp;
            64g
        </a>
    </span>
	<span class="size">

 	</span>
                                </div>


                                <div class="purchasing">
                                    <div class="saving">

                                    </div>

                                    <div class="price"><span class="accessibility">Purchase price </span>
                                        <small>$</small>
                                        4.40
                                    </div>

                                    <div class="unit-price"><span class="accessibility">Unit price </span>$6.88 per 100G
                                    </div>
                                    <div class="special-offer">

                                    </div>
                                    <div class="availability">Temporarily unavailable</div>
                                    <div class="purchase">

                                        <input type="number"
                                               title="Add Quantity for Wrigley Extra White Peppermint Chewing Gum Bottle 46 Pack 64g"
                                               name="quantity" id="catEntry_79575_qty" value="1" maxlength="2" size="2"
                                               class="v-mandatory v-numeric v-minval-1">
                                        <button role="button" type="submit"
                                                title="Add to trolley&nbsp;Wrigley Extra White Peppermint Chewing Gum Bottle 46 Pack 64g"
                                                class="btn-red action-addToTrolley"><span role="presentation"
                                                                                          aria-hidden="true">Add to trolley</span>
                                        </button>

                                    </div>
                                </div>
                                <div class="lists">

                                </div>


                                <div class="actions">

                                    <div class="MUItemForTrolleyDiv MUItemForTrolley_140957" data-catentry="140957">
                                        <div class="MUul_140957">
                                            <div class="MUli_140957 hidden" aria-hidden="true"><span
                                                    class="inTrolley"><span
                                                    class="MUSpan_140957">0</span> in trolley</span></div>
                                        </div>
                                    </div>
                                    <p class="clear"></p>

                                    <div class="member-usuals-remove">
                                        <a href="#" class="action-removeFromUsuals usuals-remove">Remove from list <span
                                                class="accessibility">Wrigley Extra White Peppermint Chewing Gum Bottle 46 Pack 64g</span></a>
                                    </div>

                                    <div class="list">
                                        <a href="#" class="action-addToList action-list-add">Add to list <span
                                                class="accessibility">Wrigley Extra White Peppermint Chewing Gum Bottle 46 Pack 64g</span></a>
                                    </div>
                                    <div class="member-list-add">
                                        <a href="#" class="action-addToList action-list-add">Add to another list <span
                                                class="accessibility">Wrigley Extra White Peppermint Chewing Gum Bottle 46 Pack 64g</span></a>
                                    </div>

                                    <div class="member-list-remove">
                                        <a href="#" class="action-removeFromList">Remove from list <span
                                                class="accessibility">Wrigley Extra White Peppermint Chewing Gum Bottle 46 Pack 64g</span></a>
                                    </div>

                                    <div class="compareProd" role="presentation" aria-hidden="true">
                                        <a href="#" class="compare compare-add">Compare</a>
                                    </div>

                                </div>


                                <div role="presentation" aria-hidden="true" id="share" class="share" data-social="{productImgUrl:'http://shop.coles.com.au:27900/wcsstore/Coles-CAS/images/5/7/2/5727695-th.jpg'
	                                               ,productDisplayUrl:'http://shop.coles.com.au/online/national/wrigleys-extra-white-peppermint-46-pack'
	                                               ,title:'Wrigley Extra White Peppermint Chewing Gum Bottle 46 Pack '
	                                               ,description:'Extra Professional White- Whitens Teeth.'}">
                                </div>

                            </div>
                        </div>


                    </form>
                </div>


                <span class="available hidden"></span>


                <div class="outer-prod prodtile"
                     data-refresh='{
					catalogId: "10576",
					doInventory: "N",
					fulfillmentCenterId: "11576",
					forStoreId: "10401",

					productDisplayURL: "http://shop.coles.com.au/online/national/wrigley-extra-spearmint-chewing-gum-bottle-46-pack"
			}'>
                    <form id="catEntryForm_342002" name="catEntryForm_342002" action="AjaxOrderChangeServiceItemAdd">

                        <div class=" " data-catentry="catEntry_342002"
                             data-refresh='{
				addCalculationUsage: "-1",
				langId: "-1",
				storeId: "10601",
				catEntryId: "342002",
				catEntryName: "Extra Spearmint Chewing Gum Bottle 46 pack",
				productView: "list",
				productId: "342002",
				itemId: "342004",
				hideMultibuy: "false",
                ticketType: "",
                partNumber: "1804513",
                offerCode: "20150210"
		}'>
                            <div class="wrapper clearfix">


                                <h4 class="accessibility" id="heading_342002" tabindex="-1">
                                    Wrigley&nbsp;Extra Spearmint Chewing Gum Bottle 46 pack&nbsp;
                                    64g&nbsp;

                                </h4>

                                <div class="offer-icon"></div>
                                <a role="presentation" aria-hidden="true" class="product-url"
                                   href="http://shop.coles.com.au/online/national/wrigley-extra-spearmint-chewing-gum-bottle-46-pack">
                                    <img role="presentation" aria-hidden="true" class="photo"
                                         src="/wcsstore/Coles-CAS/images/1/8/0/1804513-th.jpg"
                                         onError="this.src='/wcsstore/ColesStorefrontAssetStore/dist/4a2efd911ff2/images/spacer.gif'"
                                         alt="Extra Spearmint Chewing Gum Bottle 46 pack"
                                         width="110"
                                         height="110"/>
                                </a>

                                <div class="detail">
                                    <span role="presentation" aria-hidden="true" class="brand">Wrigley</span>
    <span class="item" role="presentation" aria-hidden="true">
        <a role="presentation" aria-hidden="true" class="product-url"
           href="http://shop.coles.com.au/online/national/wrigley-extra-spearmint-chewing-gum-bottle-46-pack">
            Extra Spearmint Chewing Gum Bottle 46 pack&nbsp;
            64g
        </a>
    </span>
	<span class="size">

 	</span>
                                </div>


                                <div class="purchasing">
                                    <div class="saving">

                                    </div>

                                    <div class="price"><span class="accessibility">Purchase price </span>
                                        <small>$</small>
                                        4.40
                                    </div>

                                    <div class="unit-price"><span class="accessibility">Unit price </span>$6.88 per 100G
                                    </div>
                                    <div class="special-offer">

                                    </div>
                                    <div class="availability">Temporarily unavailable</div>
                                    <div class="purchase">

                                        <input type="number"
                                               title="Add Quantity for Wrigley Extra Spearmint Chewing Gum Bottle 46 pack 64g"
                                               name="quantity" id="catEntry_342002_qty" value="1" maxlength="2" size="2"
                                               class="v-mandatory v-numeric v-minval-1">
                                        <button role="button" type="submit"
                                                title="Add to trolley&nbsp;Wrigley Extra Spearmint Chewing Gum Bottle 46 pack 64g"
                                                class="btn-red action-addToTrolley"><span role="presentation"
                                                                                          aria-hidden="true">Add to trolley</span>
                                        </button>

                                    </div>
                                </div>
                                <div class="lists">

                                </div>


                                <div class="actions">

                                    <div class="MUItemForTrolleyDiv MUItemForTrolley_342004" data-catentry="342004">
                                        <div class="MUul_342004">
                                            <div class="MUli_342004 hidden" aria-hidden="true"><span
                                                    class="inTrolley"><span
                                                    class="MUSpan_342004">0</span> in trolley</span></div>
                                        </div>
                                    </div>
                                    <p class="clear"></p>

                                    <div class="member-usuals-remove">
                                        <a href="#" class="action-removeFromUsuals usuals-remove">Remove from list <span
                                                class="accessibility">Wrigley Extra Spearmint Chewing Gum Bottle 46 pack 64g</span></a>
                                    </div>

                                    <div class="list">
                                        <a href="#" class="action-addToList action-list-add">Add to list <span
                                                class="accessibility">Wrigley Extra Spearmint Chewing Gum Bottle 46 pack 64g</span></a>
                                    </div>
                                    <div class="member-list-add">
                                        <a href="#" class="action-addToList action-list-add">Add to another list <span
                                                class="accessibility">Wrigley Extra Spearmint Chewing Gum Bottle 46 pack 64g</span></a>
                                    </div>

                                    <div class="member-list-remove">
                                        <a href="#" class="action-removeFromList">Remove from list <span
                                                class="accessibility">Wrigley Extra Spearmint Chewing Gum Bottle 46 pack 64g</span></a>
                                    </div>

                                    <div class="compareProd" role="presentation" aria-hidden="true">
                                        <a href="#" class="compare compare-add">Compare</a>
                                    </div>

                                    <a href="http://shop.coles.com.au/online/national/wrigley-extra-spearmint-chewing-gum-bottle-46-pack"
                                       class="product-url accessibility">More details for Wrigley&nbsp;Extra Spearmint
                                        Chewing Gum Bottle 46 pack</a>

                                </div>


                                <div role="presentation" aria-hidden="true" id="share" class="share" data-social="{productImgUrl:'http://shop.coles.com.au:27900/wcsstore/Coles-CAS/images/1/8/0/1804513-th.jpg'
	                                               ,productDisplayUrl:'http://shop.coles.com.au/online/national/wrigley-extra-spearmint-chewing-gum-bottle-46-pack'
	                                               ,title:'Wrigley Extra Spearmint Chewing Gum Bottle 46 pack '
	                                               ,description:''}">
                                </div>

                            </div>
                        </div>


                    </form>
                </div>


                <span class="available hidden"></span>


                <div class="outer-prod prodtile"
                     data-refresh='{
					catalogId: "10576",
					doInventory: "N",
					fulfillmentCenterId: "11576",
					forStoreId: "10401",

					productDisplayURL: "http://shop.coles.com.au/online/national/wrigley-extra-peppermint-chewing-gum-bottle-46-pack"
			}'>
                    <form id="catEntryForm_342003" name="catEntryForm_342003" action="AjaxOrderChangeServiceItemAdd">

                        <div class=" " data-catentry="catEntry_342003"
                             data-refresh='{
				addCalculationUsage: "-1",
				langId: "-1",
				storeId: "10601",
				catEntryId: "342003",
				catEntryName: "Extra Peppermint Chewing Gum Bottle 46 pack",
				productView: "list",
				productId: "342003",
				itemId: "342006",
				hideMultibuy: "false",
                ticketType: "",
                partNumber: "1804502",
                offerCode: "20150210"
		}'>
                            <div class="wrapper clearfix">


                                <h4 class="accessibility" id="heading_342003" tabindex="-1">
                                    Wrigley&nbsp;Extra Peppermint Chewing Gum Bottle 46 pack&nbsp;
                                    64g&nbsp;

                                </h4>

                                <div class="offer-icon"></div>
                                <a role="presentation" aria-hidden="true" class="product-url"
                                   href="http://shop.coles.com.au/online/national/wrigley-extra-peppermint-chewing-gum-bottle-46-pack">
                                    <img role="presentation" aria-hidden="true" class="photo"
                                         src="/wcsstore/Coles-CAS/images/1/8/0/1804502-th.jpg"
                                         onError="this.src='/wcsstore/ColesStorefrontAssetStore/dist/4a2efd911ff2/images/spacer.gif'"
                                         alt="Extra Peppermint Chewing Gum Bottle 46 pack"
                                         width="110"
                                         height="110"/>
                                </a>

                                <div class="detail">
                                    <span role="presentation" aria-hidden="true" class="brand">Wrigley</span>
    <span class="item" role="presentation" aria-hidden="true">
        <a role="presentation" aria-hidden="true" class="product-url"
           href="http://shop.coles.com.au/online/national/wrigley-extra-peppermint-chewing-gum-bottle-46-pack">
            Extra Peppermint Chewing Gum Bottle 46 pack&nbsp;
            64g
        </a>
    </span>
	<span class="size">

 	</span>
                                </div>


                                <div class="purchasing">
                                    <div class="saving">

                                    </div>

                                    <div class="price"><span class="accessibility">Purchase price </span>
                                        <small>$</small>
                                        4.40
                                    </div>

                                    <div class="unit-price"><span class="accessibility">Unit price </span>$6.88 per 100G
                                    </div>
                                    <div class="special-offer">

                                    </div>
                                    <div class="availability">Temporarily unavailable</div>
                                    <div class="purchase">

                                        <input type="number"
                                               title="Add Quantity for Wrigley Extra Peppermint Chewing Gum Bottle 46 pack 64g"
                                               name="quantity" id="catEntry_342003_qty" value="1" maxlength="2" size="2"
                                               class="v-mandatory v-numeric v-minval-1">
                                        <button role="button" type="submit"
                                                title="Add to trolley&nbsp;Wrigley Extra Peppermint Chewing Gum Bottle 46 pack 64g"
                                                class="btn-red action-addToTrolley"><span role="presentation"
                                                                                          aria-hidden="true">Add to trolley</span>
                                        </button>

                                    </div>
                                </div>
                                <div class="lists">

                                </div>


                                <div class="actions">

                                    <div class="MUItemForTrolleyDiv MUItemForTrolley_342006" data-catentry="342006">
                                        <div class="MUul_342006">
                                            <div class="MUli_342006 hidden" aria-hidden="true"><span
                                                    class="inTrolley"><span
                                                    class="MUSpan_342006">0</span> in trolley</span></div>
                                        </div>
                                    </div>
                                    <p class="clear"></p>

                                    <div class="member-usuals-remove">
                                        <a href="#" class="action-removeFromUsuals usuals-remove">Remove from list <span
                                                class="accessibility">Wrigley Extra Peppermint Chewing Gum Bottle 46 pack 64g</span></a>
                                    </div>

                                    <div class="list">
                                        <a href="#" class="action-addToList action-list-add">Add to list <span
                                                class="accessibility">Wrigley Extra Peppermint Chewing Gum Bottle 46 pack 64g</span></a>
                                    </div>
                                    <div class="member-list-add">
                                        <a href="#" class="action-addToList action-list-add">Add to another list <span
                                                class="accessibility">Wrigley Extra Peppermint Chewing Gum Bottle 46 pack 64g</span></a>
                                    </div>

                                    <div class="member-list-remove">
                                        <a href="#" class="action-removeFromList">Remove from list <span
                                                class="accessibility">Wrigley Extra Peppermint Chewing Gum Bottle 46 pack 64g</span></a>
                                    </div>

                                    <div class="compareProd" role="presentation" aria-hidden="true">
                                        <a href="#" class="compare compare-add">Compare</a>
                                    </div>

                                    <a href="http://shop.coles.com.au/online/national/wrigley-extra-peppermint-chewing-gum-bottle-46-pack"
                                       class="product-url accessibility">More details for Wrigley&nbsp;Extra Peppermint
                                        Chewing Gum Bottle 46 pack</a>

                                </div>


                                <div role="presentation" aria-hidden="true" id="share" class="share" data-social="{productImgUrl:'http://shop.coles.com.au:27900/wcsstore/Coles-CAS/images/1/8/0/1804502-th.jpg'
	                                               ,productDisplayUrl:'http://shop.coles.com.au/online/national/wrigley-extra-peppermint-chewing-gum-bottle-46-pack'
	                                               ,title:'Wrigley Extra Peppermint Chewing Gum Bottle 46 pack '
	                                               ,description:''}">
                                </div>

                            </div>
                        </div>


                    </form>
                </div>


                <span class="available hidden"></span>


                <div class="outer-prod prodtile"
                     data-refresh='{
					catalogId: "10576",
					doInventory: "N",
					fulfillmentCenterId: "11576",
					forStoreId: "10401",

					productDisplayURL: "http://shop.coles.com.au/online/national/wrigleys-extra-white-bubblemint-46-pack"
			}'>
                    <form id="catEntryForm_417596" name="catEntryForm_417596" action="AjaxOrderChangeServiceItemAdd">

                        <div class=" " data-catentry="catEntry_417596"
                             data-refresh='{
				addCalculationUsage: "-1",
				langId: "-1",
				storeId: "10601",
				catEntryId: "417596",
				catEntryName: "Extra White Bubblemint 46 pack",
				productView: "",
				productId: "417596",
				itemId: "417602",
				hideMultibuy: "false",
                ticketType: "",
                partNumber: "2226310",
                offerCode: "20131110"
		}'>
                            <div class="wrapper clearfix">


                                <h4 class="accessibility" id="heading_417596" tabindex="-1">
                                    Wrigley&nbsp;Extra White Bubblemint 46 pack&nbsp;
                                    64g&nbsp;

                                </h4>

                                <div class="offer-icon"></div>
                                <a role="presentation" aria-hidden="true" class="product-url"
                                   href="http://shop.coles.com.au/online/national/wrigleys-extra-white-bubblemint-46-pack">
                                    <img role="presentation" aria-hidden="true" class="photo"
                                         src="/wcsstore/Coles-CAS/images/2/2/2/2226310-th.jpg"
                                         onError="this.src='/wcsstore/ColesStorefrontAssetStore/dist/4a2efd911ff2/images/spacer.gif'"
                                         alt="Extra White Bubblemint 46 pack"
                                         width="110"
                                         height="110"/>
                                </a>

                                <div class="detail">
                                    <span role="presentation" aria-hidden="true" class="brand">Wrigley</span>
    <span class="item" role="presentation" aria-hidden="true">
        <a role="presentation" aria-hidden="true" class="product-url"
           href="http://shop.coles.com.au/online/national/wrigleys-extra-white-bubblemint-46-pack">
            Extra White Bubblemint 46 pack&nbsp;
            64g
        </a>
    </span>
	<span class="size">

 	</span>
                                </div>


                                <div class="purchasing">
                                    <div class="saving">

                                    </div>

                                    <div class="price"><span class="accessibility">Purchase price </span>
                                        <small>$</small>
                                        4.40
                                    </div>

                                    <div class="unit-price"><span class="accessibility">Unit price </span>$6.88 per 100G
                                    </div>
                                    <div class="special-offer">

                                    </div>
                                    <div class="availability">Temporarily unavailable</div>
                                    <div class="purchase">

                                        <input type="number"
                                               title="Add Quantity for Wrigley Extra White Bubblemint 46 pack 64g"
                                               name="quantity" id="catEntry_417596_qty" value="1" maxlength="2" size="2"
                                               class="v-mandatory v-numeric v-minval-1">
                                        <button role="button" type="submit"
                                                title="Add to trolley&nbsp;Wrigley Extra White Bubblemint 46 pack 64g"
                                                class="btn-red action-addToTrolley"><span role="presentation"
                                                                                          aria-hidden="true">Add to trolley</span>
                                        </button>

                                    </div>
                                </div>
                                <div class="lists">

                                </div>


                                <div class="actions">

                                    <div class="MUItemForTrolleyDiv MUItemForTrolley_417602" data-catentry="417602">
                                        <div class="MUul_417602">
                                            <div class="MUli_417602 hidden" aria-hidden="true"><span
                                                    class="inTrolley"><span
                                                    class="MUSpan_417602">0</span> in trolley</span></div>
                                        </div>
                                    </div>
                                    <p class="clear"></p>

                                    <div class="member-usuals-remove">
                                        <a href="#" class="action-removeFromUsuals usuals-remove">Remove from list <span
                                                class="accessibility">Wrigley Extra White Bubblemint 46 pack 64g</span></a>
                                    </div>

                                    <div class="list">
                                        <a href="#" class="action-addToList action-list-add">Add to list <span
                                                class="accessibility">Wrigley Extra White Bubblemint 46 pack 64g</span></a>
                                    </div>
                                    <div class="member-list-add">
                                        <a href="#" class="action-addToList action-list-add">Add to another list <span
                                                class="accessibility">Wrigley Extra White Bubblemint 46 pack 64g</span></a>
                                    </div>

                                    <div class="member-list-remove">
                                        <a href="#" class="action-removeFromList">Remove from list <span
                                                class="accessibility">Wrigley Extra White Bubblemint 46 pack 64g</span></a>
                                    </div>

                                    <div class="compareProd" role="presentation" aria-hidden="true">
                                        <a href="#" class="compare compare-add">Compare</a>
                                    </div>

                                </div>


                                <div role="presentation" aria-hidden="true" id="share" class="share" data-social="{productImgUrl:'http://shop.coles.com.au:27900/wcsstore/Coles-CAS/images/2/2/2/2226310-th.jpg'
	                                               ,productDisplayUrl:'http://shop.coles.com.au/online/national/wrigleys-extra-white-bubblemint-46-pack'
	                                               ,title:'Wrigley Extra White Bubblemint 46 pack '
	                                               ,description:''}">
                                </div>

                            </div>
                        </div>


                    </form>
                </div>


                <span class="available hidden"></span>


                <div class="outer-prod prodtile"
                     data-refresh='{
					catalogId: "10576",
					doInventory: "N",
					fulfillmentCenterId: "11576",
					forStoreId: "10401",

					productDisplayURL: "http://shop.coles.com.au/online/national/wrigleys-juicy-fruit-chewing-gum"
			}'>
                    <form id="catEntryForm_81644" name="catEntryForm_81644" action="AjaxOrderChangeServiceItemAdd">

                        <div class=" " data-catentry="catEntry_81644"
                             data-refresh='{
				addCalculationUsage: "-1",
				langId: "-1",
				storeId: "10601",
				catEntryId: "81644",
				catEntryName: "Juicy Fruit Chewing Gum 5 x 10 Piece Pack",
				productView: "",
				productId: "81644",
				itemId: "144824",
				hideMultibuy: "false",
                ticketType: "",
                partNumber: "417067",
                offerCode: "20150217"
		}'>
                            <div class="wrapper clearfix">


                                <h4 class="accessibility" id="heading_81644" tabindex="-1">
                                    Wrigley&nbsp;Juicy Fruit Chewing Gum 5 x 10 Piece Pack&nbsp;
                                    70g&nbsp;

                                </h4>

                                <div class="offer-icon"></div>
                                <a role="presentation" aria-hidden="true" class="product-url"
                                   href="http://shop.coles.com.au/online/national/wrigleys-juicy-fruit-chewing-gum">
                                    <img role="presentation" aria-hidden="true" class="photo"
                                         src="/wcsstore/Coles-CAS/images/4/1/7/417067-th.jpg"
                                         onError="this.src='/wcsstore/ColesStorefrontAssetStore/dist/4a2efd911ff2/images/spacer.gif'"
                                         alt="Juicy Fruit Chewing Gum 5 x 10 Piece Pack"
                                         width="110"
                                         height="110"/>
                                </a>

                                <div class="detail">
                                    <span role="presentation" aria-hidden="true" class="brand">Wrigley</span>
    <span class="item" role="presentation" aria-hidden="true">
        <a role="presentation" aria-hidden="true" class="product-url"
           href="http://shop.coles.com.au/online/national/wrigleys-juicy-fruit-chewing-gum">
            Juicy Fruit Chewing Gum 5 x 10 Piece Pack&nbsp;
            70g
        </a>
    </span>
	<span class="size">

 	</span>
                                </div>


                                <div class="purchasing">
                                    <div class="saving">

                                    </div>

                                    <div class="price"><span class="accessibility">Purchase price </span>
                                        <small>$</small>
                                        3.85
                                    </div>

                                    <div class="unit-price"><span class="accessibility">Unit price </span>$5.50 per 100G
                                    </div>
                                    <div class="special-offer">

                                    </div>
                                    <div class="availability">Temporarily unavailable</div>
                                    <div class="purchase">

                                        <input type="number"
                                               title="Add Quantity for Wrigley Juicy Fruit Chewing Gum 5 x 10 Piece Pack 70g"
                                               name="quantity" id="catEntry_81644_qty" value="1" maxlength="2" size="2"
                                               class="v-mandatory v-numeric v-minval-1">
                                        <button role="button" type="submit"
                                                title="Add to trolley&nbsp;Wrigley Juicy Fruit Chewing Gum 5 x 10 Piece Pack 70g"
                                                class="btn-red action-addToTrolley"><span role="presentation"
                                                                                          aria-hidden="true">Add to trolley</span>
                                        </button>

                                    </div>
                                </div>
                                <div class="lists">

                                </div>


                                <div class="actions">

                                    <div class="MUItemForTrolleyDiv MUItemForTrolley_144824" data-catentry="144824">
                                        <div class="MUul_144824">
                                            <div class="MUli_144824 hidden" aria-hidden="true"><span
                                                    class="inTrolley"><span
                                                    class="MUSpan_144824">0</span> in trolley</span></div>
                                        </div>
                                    </div>
                                    <p class="clear"></p>

                                    <div class="member-usuals-remove">
                                        <a href="#" class="action-removeFromUsuals usuals-remove">Remove from list <span
                                                class="accessibility">Wrigley Juicy Fruit Chewing Gum 5 x 10 Piece Pack 70g</span></a>
                                    </div>

                                    <div class="list">
                                        <a href="#" class="action-addToList action-list-add">Add to list <span
                                                class="accessibility">Wrigley Juicy Fruit Chewing Gum 5 x 10 Piece Pack 70g</span></a>
                                    </div>
                                    <div class="member-list-add">
                                        <a href="#" class="action-addToList action-list-add">Add to another list <span
                                                class="accessibility">Wrigley Juicy Fruit Chewing Gum 5 x 10 Piece Pack 70g</span></a>
                                    </div>

                                    <div class="member-list-remove">
                                        <a href="#" class="action-removeFromList">Remove from list <span
                                                class="accessibility">Wrigley Juicy Fruit Chewing Gum 5 x 10 Piece Pack 70g</span></a>
                                    </div>

                                    <div class="compareProd" role="presentation" aria-hidden="true">
                                        <a href="#" class="compare compare-add">Compare</a>
                                    </div>

                                </div>


                                <div role="presentation" aria-hidden="true" id="share" class="share" data-social="{productImgUrl:'http://shop.coles.com.au:27900/wcsstore/Coles-CAS/images/4/1/7/417067-th.jpg'
	                                               ,productDisplayUrl:'http://shop.coles.com.au/online/national/wrigleys-juicy-fruit-chewing-gum'
	                                               ,title:'Wrigley Juicy Fruit Chewing Gum 5 x 10 Piece Pack  '
	                                               ,description:''}">
                                </div>

                            </div>
                        </div>


                    </form>
                </div>


                <span class="available hidden"></span>


                <div class="outer-prod prodtile"
                     data-refresh='{
					catalogId: "10576",
					doInventory: "N",
					fulfillmentCenterId: "11576",
					forStoreId: "10401",

					productDisplayURL: "http://shop.coles.com.au/online/national/wrigleys-chewing-gum-family-pack-blue"
			}'>
                    <form id="catEntryForm_82275" name="catEntryForm_82275" action="AjaxOrderChangeServiceItemAdd">

                        <div class=" " data-catentry="catEntry_82275"
                             data-refresh='{
				addCalculationUsage: "-1",
				langId: "-1",
				storeId: "10601",
				catEntryId: "82275",
				catEntryName: "P K Blue Chewing Gum 5 x 10 Piece Pack",
				productView: "",
				productId: "82275",
				itemId: "146045",
				hideMultibuy: "false",
                ticketType: "",
                partNumber: "417045",
                offerCode: "20150217"
		}'>
                            <div class="wrapper clearfix">


                                <h4 class="accessibility" id="heading_82275" tabindex="-1">
                                    Wrigley&nbsp;P K Blue Chewing Gum 5 x 10 Piece Pack&nbsp;
                                    70g&nbsp;

                                </h4>

                                <div class="offer-icon"></div>
                                <a role="presentation" aria-hidden="true" class="product-url"
                                   href="http://shop.coles.com.au/online/national/wrigleys-chewing-gum-family-pack-blue">
                                    <img role="presentation" aria-hidden="true" class="photo"
                                         src="/wcsstore/Coles-CAS/images/4/1/7/417045-th.jpg"
                                         onError="this.src='/wcsstore/ColesStorefrontAssetStore/dist/4a2efd911ff2/images/spacer.gif'"
                                         alt="P K Blue Chewing Gum 5 x 10 Piece Pack"
                                         width="110"
                                         height="110"/>
                                </a>

                                <div class="detail">
                                    <span role="presentation" aria-hidden="true" class="brand">Wrigley</span>
    <span class="item" role="presentation" aria-hidden="true">
        <a role="presentation" aria-hidden="true" class="product-url"
           href="http://shop.coles.com.au/online/national/wrigleys-chewing-gum-family-pack-blue">
            P K Blue Chewing Gum 5 x 10 Piece Pack&nbsp;
            70g
        </a>
    </span>
	<span class="size">

 	</span>
                                </div>


                                <div class="purchasing">
                                    <div class="saving">

                                    </div>

                                    <div class="price"><span class="accessibility">Purchase price </span>
                                        <small>$</small>
                                        3.85
                                    </div>

                                    <div class="unit-price"><span class="accessibility">Unit price </span>$5.50 per 100G
                                    </div>
                                    <div class="special-offer">

                                    </div>
                                    <div class="availability">Temporarily unavailable</div>
                                    <div class="purchase">

                                        <input type="number"
                                               title="Add Quantity for Wrigley P K Blue Chewing Gum 5 x 10 Piece Pack 70g"
                                               name="quantity" id="catEntry_82275_qty" value="1" maxlength="2" size="2"
                                               class="v-mandatory v-numeric v-minval-1">
                                        <button role="button" type="submit"
                                                title="Add to trolley&nbsp;Wrigley P K Blue Chewing Gum 5 x 10 Piece Pack 70g"
                                                class="btn-red action-addToTrolley"><span role="presentation"
                                                                                          aria-hidden="true">Add to trolley</span>
                                        </button>

                                    </div>
                                </div>
                                <div class="lists">

                                </div>


                                <div class="actions">

                                    <div class="MUItemForTrolleyDiv MUItemForTrolley_146045" data-catentry="146045">
                                        <div class="MUul_146045">
                                            <div class="MUli_146045 hidden" aria-hidden="true"><span
                                                    class="inTrolley"><span
                                                    class="MUSpan_146045">0</span> in trolley</span></div>
                                        </div>
                                    </div>
                                    <p class="clear"></p>

                                    <div class="member-usuals-remove">
                                        <a href="#" class="action-removeFromUsuals usuals-remove">Remove from list <span
                                                class="accessibility">Wrigley P K Blue Chewing Gum 5 x 10 Piece Pack 70g</span></a>
                                    </div>

                                    <div class="list">
                                        <a href="#" class="action-addToList action-list-add">Add to list <span
                                                class="accessibility">Wrigley P K Blue Chewing Gum 5 x 10 Piece Pack 70g</span></a>
                                    </div>
                                    <div class="member-list-add">
                                        <a href="#" class="action-addToList action-list-add">Add to another list <span
                                                class="accessibility">Wrigley P K Blue Chewing Gum 5 x 10 Piece Pack 70g</span></a>
                                    </div>

                                    <div class="member-list-remove">
                                        <a href="#" class="action-removeFromList">Remove from list <span
                                                class="accessibility">Wrigley P K Blue Chewing Gum 5 x 10 Piece Pack 70g</span></a>
                                    </div>

                                    <div class="compareProd" role="presentation" aria-hidden="true">
                                        <a href="#" class="compare compare-add">Compare</a>
                                    </div>

                                </div>


                                <div role="presentation" aria-hidden="true" id="share" class="share" data-social="{productImgUrl:'http://shop.coles.com.au:27900/wcsstore/Coles-CAS/images/4/1/7/417045-th.jpg'
	                                               ,productDisplayUrl:'http://shop.coles.com.au/online/national/wrigleys-chewing-gum-family-pack-blue'
	                                               ,title:'Wrigley P K Blue Chewing Gum 5 x 10 Piece Pack  '
	                                               ,description:''}">
                                </div>

                            </div>
                        </div>


                    </form>
                </div>


                <span class="available hidden"></span>


                <div class="outer-prod prodtile"
                     data-refresh='{
					catalogId: "10576",
					doInventory: "N",
					fulfillmentCenterId: "11576",
					forStoreId: "10401",

					productDisplayURL: "http://shop.coles.com.au/online/national/wrigleys-pk-chewing-gum-family-pack"
			}'>
                    <form id="catEntryForm_83948" name="catEntryForm_83948" action="AjaxOrderChangeServiceItemAdd">

                        <div class=" " data-catentry="catEntry_83948"
                             data-refresh='{
				addCalculationUsage: "-1",
				langId: "-1",
				storeId: "10601",
				catEntryId: "83948",
				catEntryName: "P K Yellow Chewing Gum 5 x 10 Piece Pack",
				productView: "",
				productId: "83948",
				itemId: "147250",
				hideMultibuy: "false",
                ticketType: "",
                partNumber: "417056",
                offerCode: "20150217"
		}'>
                            <div class="wrapper clearfix">


                                <h4 class="accessibility" id="heading_83948" tabindex="-1">
                                    Wrigley&nbsp;P K Yellow Chewing Gum 5 x 10 Piece Pack&nbsp;
                                    70g&nbsp;

                                </h4>

                                <div class="offer-icon"></div>
                                <a role="presentation" aria-hidden="true" class="product-url"
                                   href="http://shop.coles.com.au/online/national/wrigleys-pk-chewing-gum-family-pack">
                                    <img role="presentation" aria-hidden="true" class="photo"
                                         src="/wcsstore/Coles-CAS/images/4/1/7/417056-th.jpg"
                                         onError="this.src='/wcsstore/ColesStorefrontAssetStore/dist/4a2efd911ff2/images/spacer.gif'"
                                         alt="P K Yellow Chewing Gum 5 x 10 Piece Pack"
                                         width="110"
                                         height="110"/>
                                </a>

                                <div class="detail">
                                    <span role="presentation" aria-hidden="true" class="brand">Wrigley</span>
    <span class="item" role="presentation" aria-hidden="true">
        <a role="presentation" aria-hidden="true" class="product-url"
           href="http://shop.coles.com.au/online/national/wrigleys-pk-chewing-gum-family-pack">
            P K Yellow Chewing Gum 5 x 10 Piece Pack&nbsp;
            70g
        </a>
    </span>
	<span class="size">

 	</span>
                                </div>


                                <div class="purchasing">
                                    <div class="saving">

                                    </div>

                                    <div class="price"><span class="accessibility">Purchase price </span>
                                        <small>$</small>
                                        3.85
                                    </div>

                                    <div class="unit-price"><span class="accessibility">Unit price </span>$5.50 per 100G
                                    </div>
                                    <div class="special-offer">

                                    </div>
                                    <div class="availability">Temporarily unavailable</div>
                                    <div class="purchase">

                                        <input type="number"
                                               title="Add Quantity for Wrigley P K Yellow Chewing Gum 5 x 10 Piece Pack 70g"
                                               name="quantity" id="catEntry_83948_qty" value="1" maxlength="2" size="2"
                                               class="v-mandatory v-numeric v-minval-1">
                                        <button role="button" type="submit"
                                                title="Add to trolley&nbsp;Wrigley P K Yellow Chewing Gum 5 x 10 Piece Pack 70g"
                                                class="btn-red action-addToTrolley"><span role="presentation"
                                                                                          aria-hidden="true">Add to trolley</span>
                                        </button>

                                    </div>
                                </div>
                                <div class="lists">

                                </div>


                                <div class="actions">

                                    <div class="MUItemForTrolleyDiv MUItemForTrolley_147250" data-catentry="147250">
                                        <div class="MUul_147250">
                                            <div class="MUli_147250 hidden" aria-hidden="true"><span
                                                    class="inTrolley"><span
                                                    class="MUSpan_147250">0</span> in trolley</span></div>
                                        </div>
                                    </div>
                                    <p class="clear"></p>

                                    <div class="member-usuals-remove">
                                        <a href="#" class="action-removeFromUsuals usuals-remove">Remove from list <span
                                                class="accessibility">Wrigley P K Yellow Chewing Gum 5 x 10 Piece Pack 70g</span></a>
                                    </div>

                                    <div class="list">
                                        <a href="#" class="action-addToList action-list-add">Add to list <span
                                                class="accessibility">Wrigley P K Yellow Chewing Gum 5 x 10 Piece Pack 70g</span></a>
                                    </div>
                                    <div class="member-list-add">
                                        <a href="#" class="action-addToList action-list-add">Add to another list <span
                                                class="accessibility">Wrigley P K Yellow Chewing Gum 5 x 10 Piece Pack 70g</span></a>
                                    </div>

                                    <div class="member-list-remove">
                                        <a href="#" class="action-removeFromList">Remove from list <span
                                                class="accessibility">Wrigley P K Yellow Chewing Gum 5 x 10 Piece Pack 70g</span></a>
                                    </div>

                                    <div class="compareProd" role="presentation" aria-hidden="true">
                                        <a href="#" class="compare compare-add">Compare</a>
                                    </div>

                                </div>


                                <div role="presentation" aria-hidden="true" id="share" class="share" data-social="{productImgUrl:'http://shop.coles.com.au:27900/wcsstore/Coles-CAS/images/4/1/7/417056-th.jpg'
	                                               ,productDisplayUrl:'http://shop.coles.com.au/online/national/wrigleys-pk-chewing-gum-family-pack'
	                                               ,title:'Wrigley P K Yellow Chewing Gum 5 x 10 Piece Pack  '
	                                               ,description:'Long Lasting Fresh Breath.'}">
                                </div>

                            </div>
                        </div>


                    </form>
                </div>


                <span class="available hidden"></span>


                <div class="outer-prod prodtile"
                     data-refresh='{
					catalogId: "10576",
					doInventory: "N",
					fulfillmentCenterId: "11576",
					forStoreId: "10401",

					productDisplayURL: "http://shop.coles.com.au/online/national/wrigleys-extra-chewing-gum-spearmint-sugar-free"
			}'>
                    <form id="catEntryForm_79905" name="catEntryForm_79905" action="AjaxOrderChangeServiceItemAdd">

                        <div class="promo save " data-catentry="catEntry_79905"
                             data-refresh='{
				addCalculationUsage: "-1",
				langId: "-1",
				storeId: "10601",
				catEntryId: "79905",
				catEntryName: "Extra Spearmint Chewing Gum 3 pack",
				productView: "list",
				productId: "79905",
				itemId: "143088",
				hideMultibuy: "false",
                ticketType: "S",
                partNumber: "5229541",
                offerCode: "120412209"
		}'>
                            <div class="wrapper clearfix">


                                <h4 class="accessibility" id="heading_79905" tabindex="-1">
                                    Wrigley&nbsp;Extra Spearmint Chewing Gum 3 pack&nbsp;
                                    81g&nbsp;
                                    On special
                                </h4>

                                <div class="offer-icon"></div>
                                <a role="presentation" aria-hidden="true" class="product-url"
                                   href="http://shop.coles.com.au/online/national/wrigleys-extra-chewing-gum-spearmint-sugar-free">
                                    <img role="presentation" aria-hidden="true" class="photo"
                                         src="/wcsstore/Coles-CAS/images/5/2/2/5229541-th.jpg"
                                         onError="this.src='/wcsstore/ColesStorefrontAssetStore/dist/4a2efd911ff2/images/spacer.gif'"
                                         alt="Extra Spearmint Chewing Gum 3 pack"
                                         width="110"
                                         height="110"/>
                                </a>

                                <div class="detail">
                                    <span role="presentation" aria-hidden="true" class="brand">Wrigley</span>
    <span class="item" role="presentation" aria-hidden="true">
        <a role="presentation" aria-hidden="true" class="product-url"
           href="http://shop.coles.com.au/online/national/wrigleys-extra-chewing-gum-spearmint-sugar-free">
            Extra Spearmint Chewing Gum 3 pack&nbsp;
            81g
        </a>
    </span>
	<span class="size">

 	</span>
                                </div>


                                <div class="purchasing">
                                    <div class="saving">

                                        <span class="accessibility">Original price</span> was $4.68
                                        <span><span class="accessibility">You can</span> save $0.68</span>

                                    </div>

                                    <div class="price"><span class="accessibility">Purchase price </span>
                                        <small>$</small>
                                        4.00
                                    </div>

                                    <div class="unit-price"><span class="accessibility">Unit price </span>$4.94 per 100G
                                    </div>
                                    <div class="special-offer">

                                    </div>
                                    <div class="availability">Temporarily unavailable</div>
                                    <div class="purchase">

                                        <input type="number"
                                               title="Add Quantity for Wrigley Extra Spearmint Chewing Gum 3 pack 81g"
                                               name="quantity" id="catEntry_79905_qty" value="1" maxlength="2" size="2"
                                               class="v-mandatory v-numeric v-minval-1">
                                        <button role="button" type="submit"
                                                title="Add to trolley&nbsp;Wrigley Extra Spearmint Chewing Gum 3 pack 81g"
                                                class="btn-red action-addToTrolley"><span role="presentation"
                                                                                          aria-hidden="true">Add to trolley</span>
                                        </button>

                                    </div>
                                </div>
                                <div class="lists">

                                </div>


                                <div class="actions">

                                    <div class="MUItemForTrolleyDiv MUItemForTrolley_143088" data-catentry="143088">
                                        <div class="MUul_143088">
                                            <div class="MUli_143088 hidden" aria-hidden="true"><span
                                                    class="inTrolley"><span
                                                    class="MUSpan_143088">0</span> in trolley</span></div>
                                        </div>
                                    </div>
                                    <p class="clear"></p>

                                    <div class="member-usuals-remove">
                                        <a href="#" class="action-removeFromUsuals usuals-remove">Remove from list <span
                                                class="accessibility">Wrigley Extra Spearmint Chewing Gum 3 pack 81g</span></a>
                                    </div>

                                    <div class="list">
                                        <a href="#" class="action-addToList action-list-add">Add to list <span
                                                class="accessibility">Wrigley Extra Spearmint Chewing Gum 3 pack 81g</span></a>
                                    </div>
                                    <div class="member-list-add">
                                        <a href="#" class="action-addToList action-list-add">Add to another list <span
                                                class="accessibility">Wrigley Extra Spearmint Chewing Gum 3 pack 81g</span></a>
                                    </div>

                                    <div class="member-list-remove">
                                        <a href="#" class="action-removeFromList">Remove from list <span
                                                class="accessibility">Wrigley Extra Spearmint Chewing Gum 3 pack 81g</span></a>
                                    </div>

                                    <div class="compareProd" role="presentation" aria-hidden="true">
                                        <a href="#" class="compare compare-add">Compare</a>
                                    </div>

                                    <a href="http://shop.coles.com.au/online/national/wrigleys-extra-chewing-gum-spearmint-sugar-free"
                                       class="product-url accessibility">More details for Wrigley&nbsp;Extra Spearmint
                                        Chewing Gum 3 pack</a>

                                </div>


                                <div role="presentation" aria-hidden="true" id="share" class="share" data-social="{productImgUrl:'http://shop.coles.com.au:27900/wcsstore/Coles-CAS/images/5/2/2/5229541-th.jpg'
	                                               ,productDisplayUrl:'http://shop.coles.com.au/online/national/wrigleys-extra-chewing-gum-spearmint-sugar-free'
	                                               ,title:'Wrigley Extra Spearmint Chewing Gum 3 pack '
	                                               ,description:'Helps keep teeth and gums healthy. Sugarfree gum.'}">
                                </div>

                            </div>
                        </div>


                    </form>
                </div>


                <span class="available hidden"></span>


                <div class="outer-prod prodtile"
                     data-refresh='{
					catalogId: "10576",
					doInventory: "N",
					fulfillmentCenterId: "11576",
					forStoreId: "10401",

					productDisplayURL: "http://shop.coles.com.au/online/national/wrigleys-extra-chewing-gum-peppermint-sugar-free-5229552p"
			}'>
                    <form id="catEntryForm_82402" name="catEntryForm_82402" action="AjaxOrderChangeServiceItemAdd">

                        <div class="promo save " data-catentry="catEntry_82402"
                             data-refresh='{
				addCalculationUsage: "-1",
				langId: "-1",
				storeId: "10601",
				catEntryId: "82402",
				catEntryName: "Extra Peppermint Chewing Gum 3 pack",
				productView: "list",
				productId: "82402",
				itemId: "144938",
				hideMultibuy: "false",
                ticketType: "S",
                partNumber: "5229552",
                offerCode: "120412235"
		}'>
                            <div class="wrapper clearfix">


                                <h4 class="accessibility" id="heading_82402" tabindex="-1">
                                    Wrigley&nbsp;Extra Peppermint Chewing Gum 3 pack&nbsp;
                                    81g&nbsp;
                                    On special
                                </h4>

                                <div class="offer-icon"></div>
                                <a role="presentation" aria-hidden="true" class="product-url"
                                   href="http://shop.coles.com.au/online/national/wrigleys-extra-chewing-gum-peppermint-sugar-free-5229552p">
                                    <img role="presentation" aria-hidden="true" class="photo"
                                         src="/wcsstore/Coles-CAS/images/5/2/2/5229552-th.jpg"
                                         onError="this.src='/wcsstore/ColesStorefrontAssetStore/dist/4a2efd911ff2/images/spacer.gif'"
                                         alt="Extra Peppermint Chewing Gum 3 pack"
                                         width="110"
                                         height="110"/>
                                </a>

                                <div class="detail">
                                    <span role="presentation" aria-hidden="true" class="brand">Wrigley</span>
    <span class="item" role="presentation" aria-hidden="true">
        <a role="presentation" aria-hidden="true" class="product-url"
           href="http://shop.coles.com.au/online/national/wrigleys-extra-chewing-gum-peppermint-sugar-free-5229552p">
            Extra Peppermint Chewing Gum 3 pack&nbsp;
            81g
        </a>
    </span>
	<span class="size">

 	</span>
                                </div>


                                <div class="purchasing">
                                    <div class="saving">

                                        <span class="accessibility">Original price</span> was $4.68
                                        <span><span class="accessibility">You can</span> save $0.68</span>

                                    </div>

                                    <div class="price"><span class="accessibility">Purchase price </span>
                                        <small>$</small>
                                        4.00
                                    </div>

                                    <div class="unit-price"><span class="accessibility">Unit price </span>$4.94 per 100G
                                    </div>
                                    <div class="special-offer">

                                    </div>
                                    <div class="availability">Temporarily unavailable</div>
                                    <div class="purchase">

                                        <input type="number"
                                               title="Add Quantity for Wrigley Extra Peppermint Chewing Gum 3 pack 81g"
                                               name="quantity" id="catEntry_82402_qty" value="1" maxlength="2" size="2"
                                               class="v-mandatory v-numeric v-minval-1">
                                        <button role="button" type="submit"
                                                title="Add to trolley&nbsp;Wrigley Extra Peppermint Chewing Gum 3 pack 81g"
                                                class="btn-red action-addToTrolley"><span role="presentation"
                                                                                          aria-hidden="true">Add to trolley</span>
                                        </button>

                                    </div>
                                </div>
                                <div class="lists">

                                </div>


                                <div class="actions">

                                    <div class="MUItemForTrolleyDiv MUItemForTrolley_144938" data-catentry="144938">
                                        <div class="MUul_144938">
                                            <div class="MUli_144938 hidden" aria-hidden="true"><span
                                                    class="inTrolley"><span
                                                    class="MUSpan_144938">0</span> in trolley</span></div>
                                        </div>
                                    </div>
                                    <p class="clear"></p>

                                    <div class="member-usuals-remove">
                                        <a href="#" class="action-removeFromUsuals usuals-remove">Remove from list <span
                                                class="accessibility">Wrigley Extra Peppermint Chewing Gum 3 pack 81g</span></a>
                                    </div>

                                    <div class="list">
                                        <a href="#" class="action-addToList action-list-add">Add to list <span
                                                class="accessibility">Wrigley Extra Peppermint Chewing Gum 3 pack 81g</span></a>
                                    </div>
                                    <div class="member-list-add">
                                        <a href="#" class="action-addToList action-list-add">Add to another list <span
                                                class="accessibility">Wrigley Extra Peppermint Chewing Gum 3 pack 81g</span></a>
                                    </div>

                                    <div class="member-list-remove">
                                        <a href="#" class="action-removeFromList">Remove from list <span
                                                class="accessibility">Wrigley Extra Peppermint Chewing Gum 3 pack 81g</span></a>
                                    </div>

                                    <div class="compareProd" role="presentation" aria-hidden="true">
                                        <a href="#" class="compare compare-add">Compare</a>
                                    </div>

                                    <a href="http://shop.coles.com.au/online/national/wrigleys-extra-chewing-gum-peppermint-sugar-free-5229552p"
                                       class="product-url accessibility">More details for Wrigley&nbsp;Extra Peppermint
                                        Chewing Gum 3 pack</a>

                                </div>


                                <div role="presentation" aria-hidden="true" id="share" class="share" data-social="{productImgUrl:'http://shop.coles.com.au:27900/wcsstore/Coles-CAS/images/5/2/2/5229552-th.jpg'
	                                               ,productDisplayUrl:'http://shop.coles.com.au/online/national/wrigleys-extra-chewing-gum-peppermint-sugar-free-5229552p'
	                                               ,title:'Wrigley Extra Peppermint Chewing Gum 3 pack '
	                                               ,description:'Helps keep teeth and gums healthy. Sugarfree gum.'}">
                                </div>

                            </div>
                        </div>


                    </form>
                </div>


                <span class="available hidden"></span>


                <div class="outer-prod prodtile"
                     data-refresh='{
					catalogId: "10576",
					doInventory: "N",
					fulfillmentCenterId: "11576",
					forStoreId: "10401",

					productDisplayURL: "http://shop.coles.com.au/online/national/wrigley-eclipse-chewy-mints-fruit-trio"
			}'>
                    <form id="catEntryForm_90609" name="catEntryForm_90609" action="AjaxOrderChangeServiceItemAdd">

                        <div class=" " data-catentry="catEntry_90609"
                             data-refresh='{
				addCalculationUsage: "-1",
				langId: "-1",
				storeId: "10601",
				catEntryId: "90609",
				catEntryName: "Eclipse Chewy Fruit Tri Mints 21 Piece Pack",
				productView: "list",
				productId: "90609",
				itemId: "160066",
				hideMultibuy: "false",
                ticketType: "",
                partNumber: "9899364",
                offerCode: "20151028"
		}'>
                            <div class="wrapper clearfix">


                                <h4 class="accessibility" id="heading_90609" tabindex="-1">
                                    Wrigley&nbsp;Eclipse Chewy Fruit Tri Mints 21 Piece Pack&nbsp;
                                    27g&nbsp;

                                </h4>

                                <div class="offer-icon"></div>
                                <a role="presentation" aria-hidden="true" class="product-url"
                                   href="http://shop.coles.com.au/online/national/wrigley-eclipse-chewy-mints-fruit-trio">
                                    <img role="presentation" aria-hidden="true" class="photo"
                                         src="/wcsstore/Coles-CAS/images/9/8/9/9899364-th.jpg"
                                         onError="this.src='/wcsstore/ColesStorefrontAssetStore/dist/4a2efd911ff2/images/spacer.gif'"
                                         alt="Eclipse Chewy Fruit Tri Mints 21 Piece Pack"
                                         width="110"
                                         height="110"/>
                                </a>

                                <div class="detail">
                                    <span role="presentation" aria-hidden="true" class="brand">Wrigley</span>
    <span class="item" role="presentation" aria-hidden="true">
        <a role="presentation" aria-hidden="true" class="product-url"
           href="http://shop.coles.com.au/online/national/wrigley-eclipse-chewy-mints-fruit-trio">
            Eclipse Chewy Fruit Tri Mints 21 Piece Pack&nbsp;
            27g
        </a>
    </span>
	<span class="size">

 	</span>
                                </div>


                                <div class="purchasing">
                                    <div class="saving">

                                    </div>

                                    <div class="price"><span class="accessibility">Purchase price </span>
                                        <small>$</small>
                                        1.65
                                    </div>

                                    <div class="unit-price"><span class="accessibility">Unit price </span>$6.11 per 100G
                                    </div>
                                    <div class="special-offer">

                                    </div>
                                    <div class="availability">Temporarily unavailable</div>
                                    <div class="purchase">

                                        <input type="number"
                                               title="Add Quantity for Wrigley Eclipse Chewy Fruit Tri Mints 21 Piece Pack 27g"
                                               name="quantity" id="catEntry_90609_qty" value="1" maxlength="2" size="2"
                                               class="v-mandatory v-numeric v-minval-1">
                                        <button role="button" type="submit"
                                                title="Add to trolley&nbsp;Wrigley Eclipse Chewy Fruit Tri Mints 21 Piece Pack 27g"
                                                class="btn-red action-addToTrolley"><span role="presentation"
                                                                                          aria-hidden="true">Add to trolley</span>
                                        </button>

                                    </div>
                                </div>
                                <div class="lists">

                                </div>


                                <div class="actions">

                                    <div class="MUItemForTrolleyDiv MUItemForTrolley_160066" data-catentry="160066">
                                        <div class="MUul_160066">
                                            <div class="MUli_160066 hidden" aria-hidden="true"><span
                                                    class="inTrolley"><span
                                                    class="MUSpan_160066">0</span> in trolley</span></div>
                                        </div>
                                    </div>
                                    <p class="clear"></p>

                                    <div class="member-usuals-remove">
                                        <a href="#" class="action-removeFromUsuals usuals-remove">Remove from list <span
                                                class="accessibility">Wrigley Eclipse Chewy Fruit Tri Mints 21 Piece Pack 27g</span></a>
                                    </div>

                                    <div class="list">
                                        <a href="#" class="action-addToList action-list-add">Add to list <span
                                                class="accessibility">Wrigley Eclipse Chewy Fruit Tri Mints 21 Piece Pack 27g</span></a>
                                    </div>
                                    <div class="member-list-add">
                                        <a href="#" class="action-addToList action-list-add">Add to another list <span
                                                class="accessibility">Wrigley Eclipse Chewy Fruit Tri Mints 21 Piece Pack 27g</span></a>
                                    </div>

                                    <div class="member-list-remove">
                                        <a href="#" class="action-removeFromList">Remove from list <span
                                                class="accessibility">Wrigley Eclipse Chewy Fruit Tri Mints 21 Piece Pack 27g</span></a>
                                    </div>

                                    <div class="compareProd" role="presentation" aria-hidden="true">
                                        <a href="#" class="compare compare-add">Compare</a>
                                    </div>

                                    <a href="http://shop.coles.com.au/online/national/wrigley-eclipse-chewy-mints-fruit-trio"
                                       class="product-url accessibility">More details for Wrigley&nbsp;Eclipse Chewy
                                        Fruit Tri Mints 21 Piece Pack</a>

                                </div>


                                <div role="presentation" aria-hidden="true" id="share" class="share" data-social="{productImgUrl:'http://shop.coles.com.au:27900/wcsstore/Coles-CAS/images/9/8/9/9899364-th.jpg'
	                                               ,productDisplayUrl:'http://shop.coles.com.au/online/national/wrigley-eclipse-chewy-mints-fruit-trio'
	                                               ,title:'Wrigley Eclipse Chewy Fruit Tri Mints 21 Piece Pack '
	                                               ,description:'Instant Fresh Breath.'}">
                                </div>

                            </div>
                        </div>


                    </form>
                </div>


                <span class="available hidden"></span>


                <div class="outer-prod prodtile"
                     data-refresh='{
					catalogId: "10576",
					doInventory: "N",
					fulfillmentCenterId: "11576",
					forStoreId: "10401",

					productDisplayURL: "http://shop.coles.com.au/online/national/wrigley-eclipse-chewy-mints-peppermint"
			}'>
                    <form id="catEntryForm_96196" name="catEntryForm_96196" action="AjaxOrderChangeServiceItemAdd">

                        <div class=" " data-catentry="catEntry_96196"
                             data-refresh='{
				addCalculationUsage: "-1",
				langId: "-1",
				storeId: "10601",
				catEntryId: "96196",
				catEntryName: "Eclipse Chewy Peppermint Mints 21 Piece Pack",
				productView: "",
				productId: "96196",
				itemId: "160069",
				hideMultibuy: "false",
                ticketType: "",
                partNumber: "9898270",
                offerCode: "20151028"
		}'>
                            <div class="wrapper clearfix">


                                <h4 class="accessibility" id="heading_96196" tabindex="-1">
                                    Wrigley&nbsp;Eclipse Chewy Peppermint Mints 21 Piece Pack&nbsp;
                                    27g&nbsp;

                                </h4>

                                <div class="offer-icon"></div>
                                <a role="presentation" aria-hidden="true" class="product-url"
                                   href="http://shop.coles.com.au/online/national/wrigley-eclipse-chewy-mints-peppermint">
                                    <img role="presentation" aria-hidden="true" class="photo"
                                         src="/wcsstore/Coles-CAS/images/9/8/9/9898270-th.jpg"
                                         onError="this.src='/wcsstore/ColesStorefrontAssetStore/dist/4a2efd911ff2/images/spacer.gif'"
                                         alt="Eclipse Chewy Peppermint Mints 21 Piece Pack"
                                         width="110"
                                         height="110"/>
                                </a>

                                <div class="detail">
                                    <span role="presentation" aria-hidden="true" class="brand">Wrigley</span>
    <span class="item" role="presentation" aria-hidden="true">
        <a role="presentation" aria-hidden="true" class="product-url"
           href="http://shop.coles.com.au/online/national/wrigley-eclipse-chewy-mints-peppermint">
            Eclipse Chewy Peppermint Mints 21 Piece Pack&nbsp;
            27g
        </a>
    </span>
	<span class="size">

 	</span>
                                </div>


                                <div class="purchasing">
                                    <div class="saving">

                                    </div>

                                    <div class="price"><span class="accessibility">Purchase price </span>
                                        <small>$</small>
                                        1.65
                                    </div>

                                    <div class="unit-price"><span class="accessibility">Unit price </span>$6.11 per 100G
                                    </div>
                                    <div class="special-offer">

                                    </div>
                                    <div class="availability">Temporarily unavailable</div>
                                    <div class="purchase">

                                        <input type="number"
                                               title="Add Quantity for Wrigley Eclipse Chewy Peppermint Mints 21 Piece Pack 27g"
                                               name="quantity" id="catEntry_96196_qty" value="1" maxlength="2" size="2"
                                               class="v-mandatory v-numeric v-minval-1">
                                        <button role="button" type="submit"
                                                title="Add to trolley&nbsp;Wrigley Eclipse Chewy Peppermint Mints 21 Piece Pack 27g"
                                                class="btn-red action-addToTrolley"><span role="presentation"
                                                                                          aria-hidden="true">Add to trolley</span>
                                        </button>

                                    </div>
                                </div>
                                <div class="lists">

                                </div>


                                <div class="actions">

                                    <div class="MUItemForTrolleyDiv MUItemForTrolley_160069" data-catentry="160069">
                                        <div class="MUul_160069">
                                            <div class="MUli_160069 hidden" aria-hidden="true"><span
                                                    class="inTrolley"><span
                                                    class="MUSpan_160069">0</span> in trolley</span></div>
                                        </div>
                                    </div>
                                    <p class="clear"></p>

                                    <div class="member-usuals-remove">
                                        <a href="#" class="action-removeFromUsuals usuals-remove">Remove from list <span
                                                class="accessibility">Wrigley Eclipse Chewy Peppermint Mints 21 Piece Pack 27g</span></a>
                                    </div>

                                    <div class="list">
                                        <a href="#" class="action-addToList action-list-add">Add to list <span
                                                class="accessibility">Wrigley Eclipse Chewy Peppermint Mints 21 Piece Pack 27g</span></a>
                                    </div>
                                    <div class="member-list-add">
                                        <a href="#" class="action-addToList action-list-add">Add to another list <span
                                                class="accessibility">Wrigley Eclipse Chewy Peppermint Mints 21 Piece Pack 27g</span></a>
                                    </div>

                                    <div class="member-list-remove">
                                        <a href="#" class="action-removeFromList">Remove from list <span
                                                class="accessibility">Wrigley Eclipse Chewy Peppermint Mints 21 Piece Pack 27g</span></a>
                                    </div>

                                    <div class="compareProd" role="presentation" aria-hidden="true">
                                        <a href="#" class="compare compare-add">Compare</a>
                                    </div>

                                </div>


                                <div role="presentation" aria-hidden="true" id="share" class="share" data-social="{productImgUrl:'http://shop.coles.com.au:27900/wcsstore/Coles-CAS/images/9/8/9/9898270-th.jpg'
	                                               ,productDisplayUrl:'http://shop.coles.com.au/online/national/wrigley-eclipse-chewy-mints-peppermint'
	                                               ,title:'Wrigley Eclipse Chewy Peppermint Mints 21 Piece Pack '
	                                               ,description:'Instant Fresh Breath.'}">
                                </div>

                            </div>
                        </div>


                    </form>
                </div>


                <span class="available hidden"></span>


                <div class="outer-prod prodtile"
                     data-refresh='{
					catalogId: "10576",
					doInventory: "N",
					fulfillmentCenterId: "11576",
					forStoreId: "10401",

					productDisplayURL: "http://shop.coles.com.au/online/national/wrigleys-eclipse-chewy-mints-spearmint"
			}'>
                    <form id="catEntryForm_292087" name="catEntryForm_292087" action="AjaxOrderChangeServiceItemAdd">

                        <div class=" " data-catentry="catEntry_292087"
                             data-refresh='{
				addCalculationUsage: "-1",
				langId: "-1",
				storeId: "10601",
				catEntryId: "292087",
				catEntryName: "Eclipse Chewy Spearmint Mints 21 Piece Pack",
				productView: "list",
				productId: "292087",
				itemId: "292306",
				hideMultibuy: "false",
                ticketType: "",
                partNumber: "9899342",
                offerCode: "20151028"
		}'>
                            <div class="wrapper clearfix">


                                <h4 class="accessibility" id="heading_292087" tabindex="-1">
                                    Wrigley&nbsp;Eclipse Chewy Spearmint Mints 21 Piece Pack&nbsp;
                                    27g&nbsp;

                                </h4>

                                <div class="offer-icon"></div>
                                <a role="presentation" aria-hidden="true" class="product-url"
                                   href="http://shop.coles.com.au/online/national/wrigleys-eclipse-chewy-mints-spearmint">
                                    <img role="presentation" aria-hidden="true" class="photo"
                                         src="/wcsstore/Coles-CAS/images/9/8/9/9899342-th.jpg"
                                         onError="this.src='/wcsstore/ColesStorefrontAssetStore/dist/4a2efd911ff2/images/spacer.gif'"
                                         alt="Eclipse Chewy Spearmint Mints 21 Piece Pack"
                                         width="110"
                                         height="110"/>
                                </a>

                                <div class="detail">
                                    <span role="presentation" aria-hidden="true" class="brand">Wrigley</span>
    <span class="item" role="presentation" aria-hidden="true">
        <a role="presentation" aria-hidden="true" class="product-url"
           href="http://shop.coles.com.au/online/national/wrigleys-eclipse-chewy-mints-spearmint">
            Eclipse Chewy Spearmint Mints 21 Piece Pack&nbsp;
            27g
        </a>
    </span>
	<span class="size">

 	</span>
                                </div>


                                <div class="purchasing">
                                    <div class="saving">

                                    </div>

                                    <div class="price"><span class="accessibility">Purchase price </span>
                                        <small>$</small>
                                        1.65
                                    </div>

                                    <div class="unit-price"><span class="accessibility">Unit price </span>$6.11 per 100G
                                    </div>
                                    <div class="special-offer">

                                    </div>
                                    <div class="availability">Temporarily unavailable</div>
                                    <div class="purchase">

                                        <input type="number"
                                               title="Add Quantity for Wrigley Eclipse Chewy Spearmint Mints 21 Piece Pack 27g"
                                               name="quantity" id="catEntry_292087_qty" value="1" maxlength="2" size="2"
                                               class="v-mandatory v-numeric v-minval-1">
                                        <button role="button" type="submit"
                                                title="Add to trolley&nbsp;Wrigley Eclipse Chewy Spearmint Mints 21 Piece Pack 27g"
                                                class="btn-red action-addToTrolley"><span role="presentation"
                                                                                          aria-hidden="true">Add to trolley</span>
                                        </button>

                                    </div>
                                </div>
                                <div class="lists">

                                </div>


                                <div class="actions">

                                    <div class="MUItemForTrolleyDiv MUItemForTrolley_292306" data-catentry="292306">
                                        <div class="MUul_292306">
                                            <div class="MUli_292306 hidden" aria-hidden="true"><span
                                                    class="inTrolley"><span
                                                    class="MUSpan_292306">0</span> in trolley</span></div>
                                        </div>
                                    </div>
                                    <p class="clear"></p>

                                    <div class="member-usuals-remove">
                                        <a href="#" class="action-removeFromUsuals usuals-remove">Remove from list <span
                                                class="accessibility">Wrigley Eclipse Chewy Spearmint Mints 21 Piece Pack 27g</span></a>
                                    </div>

                                    <div class="list">
                                        <a href="#" class="action-addToList action-list-add">Add to list <span
                                                class="accessibility">Wrigley Eclipse Chewy Spearmint Mints 21 Piece Pack 27g</span></a>
                                    </div>
                                    <div class="member-list-add">
                                        <a href="#" class="action-addToList action-list-add">Add to another list <span
                                                class="accessibility">Wrigley Eclipse Chewy Spearmint Mints 21 Piece Pack 27g</span></a>
                                    </div>

                                    <div class="member-list-remove">
                                        <a href="#" class="action-removeFromList">Remove from list <span
                                                class="accessibility">Wrigley Eclipse Chewy Spearmint Mints 21 Piece Pack 27g</span></a>
                                    </div>

                                    <div class="compareProd" role="presentation" aria-hidden="true">
                                        <a href="#" class="compare compare-add">Compare</a>
                                    </div>

                                    <a href="http://shop.coles.com.au/online/national/wrigleys-eclipse-chewy-mints-spearmint"
                                       class="product-url accessibility">More details for Wrigley&nbsp;Eclipse Chewy
                                        Spearmint Mints 21 Piece Pack</a>

                                </div>


                                <div role="presentation" aria-hidden="true" id="share" class="share" data-social="{productImgUrl:'http://shop.coles.com.au:27900/wcsstore/Coles-CAS/images/9/8/9/9899342-th.jpg'
	                                               ,productDisplayUrl:'http://shop.coles.com.au/online/national/wrigleys-eclipse-chewy-mints-spearmint'
	                                               ,title:'Wrigley Eclipse Chewy Spearmint Mints 21 Piece Pack '
	                                               ,description:''}">
                                </div>

                            </div>
                        </div>


                    </form>
                </div>


                <span class="available hidden"></span>


                <div class="outer-prod prodtile"
                     data-refresh='{
					catalogId: "10576",
					doInventory: "N",
					fulfillmentCenterId: "11576",
					forStoreId: "10401",

					productDisplayURL: "http://shop.coles.com.au/online/national/wrigleys-extra-bubblemint-gum-4-pack"
			}'>
                    <form id="catEntryForm_454538" name="catEntryForm_454538" action="AjaxOrderChangeServiceItemAdd">

                        <div class=" " data-catentry="catEntry_454538"
                             data-refresh='{
				addCalculationUsage: "-1",
				langId: "-1",
				storeId: "10601",
				catEntryId: "454538",
				catEntryName: "Extra Bubblemint Gum 4 pack",
				productView: "",
				productId: "454538",
				itemId: "454668",
				hideMultibuy: "false",
                ticketType: "",
                partNumber: "2229192",
                offerCode: "20140215"
		}'>
                            <div class="wrapper clearfix">


                                <h4 class="accessibility" id="heading_454538" tabindex="-1">
                                    Wrigley&nbsp;Extra Bubblemint Gum 4 pack&nbsp;
                                    56g&nbsp;

                                </h4>

                                <div class="offer-icon"></div>
                                <a role="presentation" aria-hidden="true" class="product-url"
                                   href="http://shop.coles.com.au/online/national/wrigleys-extra-bubblemint-gum-4-pack">
                                    <img role="presentation" aria-hidden="true" class="photo"
                                         src="/wcsstore/Coles-CAS/images/2/2/2/2229192-th.jpg"
                                         onError="this.src='/wcsstore/ColesStorefrontAssetStore/dist/4a2efd911ff2/images/spacer.gif'"
                                         alt="Extra Bubblemint Gum 4 pack"
                                         width="110"
                                         height="110"/>
                                </a>

                                <div class="detail">
                                    <span role="presentation" aria-hidden="true" class="brand">Wrigley</span>
    <span class="item" role="presentation" aria-hidden="true">
        <a role="presentation" aria-hidden="true" class="product-url"
           href="http://shop.coles.com.au/online/national/wrigleys-extra-bubblemint-gum-4-pack">
            Extra Bubblemint Gum 4 pack&nbsp;
            56g
        </a>
    </span>
	<span class="size">

 	</span>
                                </div>


                                <div class="purchasing">
                                    <div class="saving">

                                    </div>

                                    <div class="price"><span class="accessibility">Purchase price </span>
                                        <small>$</small>
                                        3.62
                                    </div>

                                    <div class="unit-price"><span class="accessibility">Unit price </span>$6.46 per 100G
                                    </div>
                                    <div class="special-offer">

                                    </div>
                                    <div class="availability">Temporarily unavailable</div>
                                    <div class="purchase">

                                        <input type="number"
                                               title="Add Quantity for Wrigley Extra Bubblemint Gum 4 pack 56g"
                                               name="quantity" id="catEntry_454538_qty" value="1" maxlength="2" size="2"
                                               class="v-mandatory v-numeric v-minval-1">
                                        <button role="button" type="submit"
                                                title="Add to trolley&nbsp;Wrigley Extra Bubblemint Gum 4 pack 56g"
                                                class="btn-red action-addToTrolley"><span role="presentation"
                                                                                          aria-hidden="true">Add to trolley</span>
                                        </button>

                                    </div>
                                </div>
                                <div class="lists">

                                </div>


                                <div class="actions">

                                    <div class="MUItemForTrolleyDiv MUItemForTrolley_454668" data-catentry="454668">
                                        <div class="MUul_454668">
                                            <div class="MUli_454668 hidden" aria-hidden="true"><span
                                                    class="inTrolley"><span
                                                    class="MUSpan_454668">0</span> in trolley</span></div>
                                        </div>
                                    </div>
                                    <p class="clear"></p>

                                    <div class="member-usuals-remove">
                                        <a href="#" class="action-removeFromUsuals usuals-remove">Remove from list <span
                                                class="accessibility">Wrigley Extra Bubblemint Gum 4 pack 56g</span></a>
                                    </div>

                                    <div class="list">
                                        <a href="#" class="action-addToList action-list-add">Add to list <span
                                                class="accessibility">Wrigley Extra Bubblemint Gum 4 pack 56g</span></a>
                                    </div>
                                    <div class="member-list-add">
                                        <a href="#" class="action-addToList action-list-add">Add to another list <span
                                                class="accessibility">Wrigley Extra Bubblemint Gum 4 pack 56g</span></a>
                                    </div>

                                    <div class="member-list-remove">
                                        <a href="#" class="action-removeFromList">Remove from list <span
                                                class="accessibility">Wrigley Extra Bubblemint Gum 4 pack 56g</span></a>
                                    </div>

                                    <div class="compareProd" role="presentation" aria-hidden="true">
                                        <a href="#" class="compare compare-add">Compare</a>
                                    </div>

                                </div>


                                <div role="presentation" aria-hidden="true" id="share" class="share" data-social="{productImgUrl:'http://shop.coles.com.au:27900/wcsstore/Coles-CAS/images/2/2/2/2229192-th.jpg'
	                                               ,productDisplayUrl:'http://shop.coles.com.au/online/national/wrigleys-extra-bubblemint-gum-4-pack'
	                                               ,title:'Wrigley Extra Bubblemint Gum 4 pack '
	                                               ,description:''}">
                                </div>

                            </div>
                        </div>


                    </form>
                </div>


                <span class="available hidden"></span>


                <div class="outer-prod prodtile"
                     data-refresh='{
					catalogId: "10576",
					doInventory: "N",
					fulfillmentCenterId: "11576",
					forStoreId: "10401",

					productDisplayURL: "http://shop.coles.com.au/online/national/wrigleys-extra-chewing-gum-strawberry"
			}'>
                    <form id="catEntryForm_76324" name="catEntryForm_76324" action="AjaxOrderChangeServiceItemAdd">

                        <div class=" " data-catentry="catEntry_76324"
                             data-refresh='{
				addCalculationUsage: "-1",
				langId: "-1",
				storeId: "10601",
				catEntryId: "76324",
				catEntryName: "Extra Strawberry Chewing Gum 2 pack",
				productView: "list",
				productId: "76324",
				itemId: "138408",
				hideMultibuy: "false",
                ticketType: "",
                partNumber: "5991117",
                offerCode: "20150210"
		}'>
                            <div class="wrapper clearfix">


                                <h4 class="accessibility" id="heading_76324" tabindex="-1">
                                    Wrigley&nbsp;Extra Strawberry Chewing Gum 2 pack&nbsp;
                                    54g&nbsp;

                                </h4>

                                <div class="offer-icon"></div>
                                <a role="presentation" aria-hidden="true" class="product-url"
                                   href="http://shop.coles.com.au/online/national/wrigleys-extra-chewing-gum-strawberry">
                                    <img role="presentation" aria-hidden="true" class="photo"
                                         src="/wcsstore/Coles-CAS/images/5/9/9/5991117-th.jpg"
                                         onError="this.src='/wcsstore/ColesStorefrontAssetStore/dist/4a2efd911ff2/images/spacer.gif'"
                                         alt="Extra Strawberry Chewing Gum 2 pack"
                                         width="110"
                                         height="110"/>
                                </a>

                                <div class="detail">
                                    <span role="presentation" aria-hidden="true" class="brand">Wrigley</span>
    <span class="item" role="presentation" aria-hidden="true">
        <a role="presentation" aria-hidden="true" class="product-url"
           href="http://shop.coles.com.au/online/national/wrigleys-extra-chewing-gum-strawberry">
            Extra Strawberry Chewing Gum 2 pack&nbsp;
            54g
        </a>
    </span>
	<span class="size">

 	</span>
                                </div>


                                <div class="purchasing">
                                    <div class="saving">

                                    </div>

                                    <div class="price"><span class="accessibility">Purchase price </span>
                                        <small>$</small>
                                        3.52
                                    </div>

                                    <div class="unit-price"><span class="accessibility">Unit price </span>$6.52 per 100G
                                    </div>
                                    <div class="special-offer">

                                    </div>
                                    <div class="availability">Temporarily unavailable</div>
                                    <div class="purchase">

                                        <input type="number"
                                               title="Add Quantity for Wrigley Extra Strawberry Chewing Gum 2 pack 54g"
                                               name="quantity" id="catEntry_76324_qty" value="1" maxlength="2" size="2"
                                               class="v-mandatory v-numeric v-minval-1">
                                        <button role="button" type="submit"
                                                title="Add to trolley&nbsp;Wrigley Extra Strawberry Chewing Gum 2 pack 54g"
                                                class="btn-red action-addToTrolley"><span role="presentation"
                                                                                          aria-hidden="true">Add to trolley</span>
                                        </button>

                                    </div>
                                </div>
                                <div class="lists">

                                </div>


                                <div class="actions">

                                    <div class="MUItemForTrolleyDiv MUItemForTrolley_138408" data-catentry="138408">
                                        <div class="MUul_138408">
                                            <div class="MUli_138408 hidden" aria-hidden="true"><span
                                                    class="inTrolley"><span
                                                    class="MUSpan_138408">0</span> in trolley</span></div>
                                        </div>
                                    </div>
                                    <p class="clear"></p>

                                    <div class="member-usuals-remove">
                                        <a href="#" class="action-removeFromUsuals usuals-remove">Remove from list <span
                                                class="accessibility">Wrigley Extra Strawberry Chewing Gum 2 pack 54g</span></a>
                                    </div>

                                    <div class="list">
                                        <a href="#" class="action-addToList action-list-add">Add to list <span
                                                class="accessibility">Wrigley Extra Strawberry Chewing Gum 2 pack 54g</span></a>
                                    </div>
                                    <div class="member-list-add">
                                        <a href="#" class="action-addToList action-list-add">Add to another list <span
                                                class="accessibility">Wrigley Extra Strawberry Chewing Gum 2 pack 54g</span></a>
                                    </div>

                                    <div class="member-list-remove">
                                        <a href="#" class="action-removeFromList">Remove from list <span
                                                class="accessibility">Wrigley Extra Strawberry Chewing Gum 2 pack 54g</span></a>
                                    </div>

                                    <div class="compareProd" role="presentation" aria-hidden="true">
                                        <a href="#" class="compare compare-add">Compare</a>
                                    </div>

                                    <a href="http://shop.coles.com.au/online/national/wrigleys-extra-chewing-gum-strawberry"
                                       class="product-url accessibility">More details for Wrigley&nbsp;Extra Strawberry
                                        Chewing Gum 2 pack</a>

                                </div>


                                <div role="presentation" aria-hidden="true" id="share" class="share" data-social="{productImgUrl:'http://shop.coles.com.au:27900/wcsstore/Coles-CAS/images/5/9/9/5991117-th.jpg'
	                                               ,productDisplayUrl:'http://shop.coles.com.au/online/national/wrigleys-extra-chewing-gum-strawberry'
	                                               ,title:'Wrigley Extra Strawberry Chewing Gum 2 pack '
	                                               ,description:'Helps keep teeth and gum healthy'}">
                                </div>

                            </div>
                        </div>


                    </form>
                </div>


                <span class="available hidden"></span>


                <div class="outer-prod prodtile"
                     data-refresh='{
					catalogId: "10576",
					doInventory: "N",
					fulfillmentCenterId: "11576",
					forStoreId: "10401",

					productDisplayURL: "http://shop.coles.com.au/online/national/wrigleys-extra-chewing-gum-peppermint-sugar-free"
			}'>
                    <form id="catEntryForm_80086" name="catEntryForm_80086" action="AjaxOrderChangeServiceItemAdd">

                        <div class=" " data-catentry="catEntry_80086"
                             data-refresh='{
				addCalculationUsage: "-1",
				langId: "-1",
				storeId: "10601",
				catEntryId: "80086",
				catEntryName: "Extra Peppermint Chewing Gum 2 pack",
				productView: "list",
				productId: "80086",
				itemId: "145114",
				hideMultibuy: "false",
                ticketType: "",
                partNumber: "4974510",
                offerCode: "20150210"
		}'>
                            <div class="wrapper clearfix">


                                <h4 class="accessibility" id="heading_80086" tabindex="-1">
                                    Wrigley&nbsp;Extra Peppermint Chewing Gum 2 pack&nbsp;
                                    54g&nbsp;

                                </h4>

                                <div class="offer-icon"></div>
                                <a role="presentation" aria-hidden="true" class="product-url"
                                   href="http://shop.coles.com.au/online/national/wrigleys-extra-chewing-gum-peppermint-sugar-free">
                                    <img role="presentation" aria-hidden="true" class="photo"
                                         src="/wcsstore/Coles-CAS/images/4/9/7/4974510-th.jpg"
                                         onError="this.src='/wcsstore/ColesStorefrontAssetStore/dist/4a2efd911ff2/images/spacer.gif'"
                                         alt="Extra Peppermint Chewing Gum 2 pack"
                                         width="110"
                                         height="110"/>
                                </a>

                                <div class="detail">
                                    <span role="presentation" aria-hidden="true" class="brand">Wrigley</span>
    <span class="item" role="presentation" aria-hidden="true">
        <a role="presentation" aria-hidden="true" class="product-url"
           href="http://shop.coles.com.au/online/national/wrigleys-extra-chewing-gum-peppermint-sugar-free">
            Extra Peppermint Chewing Gum 2 pack&nbsp;
            54g
        </a>
    </span>
	<span class="size">

 	</span>
                                </div>


                                <div class="purchasing">
                                    <div class="saving">

                                    </div>

                                    <div class="price"><span class="accessibility">Purchase price </span>
                                        <small>$</small>
                                        3.52
                                    </div>

                                    <div class="unit-price"><span class="accessibility">Unit price </span>$6.52 per 100G
                                    </div>
                                    <div class="special-offer">

                                    </div>
                                    <div class="availability">Temporarily unavailable</div>
                                    <div class="purchase">

                                        <input type="number"
                                               title="Add Quantity for Wrigley Extra Peppermint Chewing Gum 2 pack 54g"
                                               name="quantity" id="catEntry_80086_qty" value="1" maxlength="2" size="2"
                                               class="v-mandatory v-numeric v-minval-1">
                                        <button role="button" type="submit"
                                                title="Add to trolley&nbsp;Wrigley Extra Peppermint Chewing Gum 2 pack 54g"
                                                class="btn-red action-addToTrolley"><span role="presentation"
                                                                                          aria-hidden="true">Add to trolley</span>
                                        </button>

                                    </div>
                                </div>
                                <div class="lists">

                                </div>


                                <div class="actions">

                                    <div class="MUItemForTrolleyDiv MUItemForTrolley_145114" data-catentry="145114">
                                        <div class="MUul_145114">
                                            <div class="MUli_145114 hidden" aria-hidden="true"><span
                                                    class="inTrolley"><span
                                                    class="MUSpan_145114">0</span> in trolley</span></div>
                                        </div>
                                    </div>
                                    <p class="clear"></p>

                                    <div class="member-usuals-remove">
                                        <a href="#" class="action-removeFromUsuals usuals-remove">Remove from list <span
                                                class="accessibility">Wrigley Extra Peppermint Chewing Gum 2 pack 54g</span></a>
                                    </div>

                                    <div class="list">
                                        <a href="#" class="action-addToList action-list-add">Add to list <span
                                                class="accessibility">Wrigley Extra Peppermint Chewing Gum 2 pack 54g</span></a>
                                    </div>
                                    <div class="member-list-add">
                                        <a href="#" class="action-addToList action-list-add">Add to another list <span
                                                class="accessibility">Wrigley Extra Peppermint Chewing Gum 2 pack 54g</span></a>
                                    </div>

                                    <div class="member-list-remove">
                                        <a href="#" class="action-removeFromList">Remove from list <span
                                                class="accessibility">Wrigley Extra Peppermint Chewing Gum 2 pack 54g</span></a>
                                    </div>

                                    <div class="compareProd" role="presentation" aria-hidden="true">
                                        <a href="#" class="compare compare-add">Compare</a>
                                    </div>

                                    <a href="http://shop.coles.com.au/online/national/wrigleys-extra-chewing-gum-peppermint-sugar-free"
                                       class="product-url accessibility">More details for Wrigley&nbsp;Extra Peppermint
                                        Chewing Gum 2 pack</a>

                                </div>


                                <div role="presentation" aria-hidden="true" id="share" class="share" data-social="{productImgUrl:'http://shop.coles.com.au:27900/wcsstore/Coles-CAS/images/4/9/7/4974510-th.jpg'
	                                               ,productDisplayUrl:'http://shop.coles.com.au/online/national/wrigleys-extra-chewing-gum-peppermint-sugar-free'
	                                               ,title:'Wrigley Extra Peppermint Chewing Gum 2 pack '
	                                               ,description:'Helps keep teeth and gums healthy.'}">
                                </div>

                            </div>
                        </div>


                    </form>
                </div>


                <span class="available hidden"></span>


                <div class="outer-prod prodtile"
                     data-refresh='{
					catalogId: "10576",
					doInventory: "N",
					fulfillmentCenterId: "11576",
					forStoreId: "10401",

					productDisplayURL: "http://shop.coles.com.au/online/national/wrigleys-extra-chewing-gum-spearmint-sugar-free-4974509p"
			}'>
                    <form id="catEntryForm_84870" name="catEntryForm_84870" action="AjaxOrderChangeServiceItemAdd">

                        <div class=" " data-catentry="catEntry_84870"
                             data-refresh='{
				addCalculationUsage: "-1",
				langId: "-1",
				storeId: "10601",
				catEntryId: "84870",
				catEntryName: "Extra Spearmint Chewing Gum 2 pack",
				productView: "list",
				productId: "84870",
				itemId: "144489",
				hideMultibuy: "false",
                ticketType: "",
                partNumber: "4974509",
                offerCode: "20150210"
		}'>
                            <div class="wrapper clearfix">


                                <h4 class="accessibility" id="heading_84870" tabindex="-1">
                                    Wrigley&nbsp;Extra Spearmint Chewing Gum 2 pack&nbsp;
                                    54g&nbsp;

                                </h4>

                                <div class="offer-icon"></div>
                                <a role="presentation" aria-hidden="true" class="product-url"
                                   href="http://shop.coles.com.au/online/national/wrigleys-extra-chewing-gum-spearmint-sugar-free-4974509p">
                                    <img role="presentation" aria-hidden="true" class="photo"
                                         src="/wcsstore/Coles-CAS/images/4/9/7/4974509-th.jpg"
                                         onError="this.src='/wcsstore/ColesStorefrontAssetStore/dist/4a2efd911ff2/images/spacer.gif'"
                                         alt="Extra Spearmint Chewing Gum 2 pack"
                                         width="110"
                                         height="110"/>
                                </a>

                                <div class="detail">
                                    <span role="presentation" aria-hidden="true" class="brand">Wrigley</span>
    <span class="item" role="presentation" aria-hidden="true">
        <a role="presentation" aria-hidden="true" class="product-url"
           href="http://shop.coles.com.au/online/national/wrigleys-extra-chewing-gum-spearmint-sugar-free-4974509p">
            Extra Spearmint Chewing Gum 2 pack&nbsp;
            54g
        </a>
    </span>
	<span class="size">

 	</span>
                                </div>


                                <div class="purchasing">
                                    <div class="saving">

                                    </div>

                                    <div class="price"><span class="accessibility">Purchase price </span>
                                        <small>$</small>
                                        3.52
                                    </div>

                                    <div class="unit-price"><span class="accessibility">Unit price </span>$6.52 per 100G
                                    </div>
                                    <div class="special-offer">

                                    </div>
                                    <div class="availability">Temporarily unavailable</div>
                                    <div class="purchase">

                                        <input type="number"
                                               title="Add Quantity for Wrigley Extra Spearmint Chewing Gum 2 pack 54g"
                                               name="quantity" id="catEntry_84870_qty" value="1" maxlength="2" size="2"
                                               class="v-mandatory v-numeric v-minval-1">
                                        <button role="button" type="submit"
                                                title="Add to trolley&nbsp;Wrigley Extra Spearmint Chewing Gum 2 pack 54g"
                                                class="btn-red action-addToTrolley"><span role="presentation"
                                                                                          aria-hidden="true">Add to trolley</span>
                                        </button>

                                    </div>
                                </div>
                                <div class="lists">

                                </div>


                                <div class="actions">

                                    <div class="MUItemForTrolleyDiv MUItemForTrolley_144489" data-catentry="144489">
                                        <div class="MUul_144489">
                                            <div class="MUli_144489 hidden" aria-hidden="true"><span
                                                    class="inTrolley"><span
                                                    class="MUSpan_144489">0</span> in trolley</span></div>
                                        </div>
                                    </div>
                                    <p class="clear"></p>

                                    <div class="member-usuals-remove">
                                        <a href="#" class="action-removeFromUsuals usuals-remove">Remove from list <span
                                                class="accessibility">Wrigley Extra Spearmint Chewing Gum 2 pack 54g</span></a>
                                    </div>

                                    <div class="list">
                                        <a href="#" class="action-addToList action-list-add">Add to list <span
                                                class="accessibility">Wrigley Extra Spearmint Chewing Gum 2 pack 54g</span></a>
                                    </div>
                                    <div class="member-list-add">
                                        <a href="#" class="action-addToList action-list-add">Add to another list <span
                                                class="accessibility">Wrigley Extra Spearmint Chewing Gum 2 pack 54g</span></a>
                                    </div>

                                    <div class="member-list-remove">
                                        <a href="#" class="action-removeFromList">Remove from list <span
                                                class="accessibility">Wrigley Extra Spearmint Chewing Gum 2 pack 54g</span></a>
                                    </div>

                                    <div class="compareProd" role="presentation" aria-hidden="true">
                                        <a href="#" class="compare compare-add">Compare</a>
                                    </div>

                                    <a href="http://shop.coles.com.au/online/national/wrigleys-extra-chewing-gum-spearmint-sugar-free-4974509p"
                                       class="product-url accessibility">More details for Wrigley&nbsp;Extra Spearmint
                                        Chewing Gum 2 pack</a>

                                </div>


                                <div role="presentation" aria-hidden="true" id="share" class="share" data-social="{productImgUrl:'http://shop.coles.com.au:27900/wcsstore/Coles-CAS/images/4/9/7/4974509-th.jpg'
	                                               ,productDisplayUrl:'http://shop.coles.com.au/online/national/wrigleys-extra-chewing-gum-spearmint-sugar-free-4974509p'
	                                               ,title:'Wrigley Extra Spearmint Chewing Gum 2 pack '
	                                               ,description:'Helps keep teeth and gums healthy. Sugarfree gum.'}">
                                </div>

                            </div>
                        </div>


                    </form>
                </div>


                <span class="available hidden"></span>


                <div class="outer-prod prodtile"
                     data-refresh='{
					catalogId: "10576",
					doInventory: "N",
					fulfillmentCenterId: "11576",
					forStoreId: "10401",

					productDisplayURL: "http://shop.coles.com.au/online/national/wrigleys-extra-white-lemon-lime"
			}'>
                    <form id="catEntryForm_65513" name="catEntryForm_65513" action="AjaxOrderChangeServiceItemAdd">

                        <div class=" " data-catentry="catEntry_65513"
                             data-refresh='{
				addCalculationUsage: "-1",
				langId: "-1",
				storeId: "10601",
				catEntryId: "65513",
				catEntryName: "Extra White Lemon Lime Chewing Gum 4 pack",
				productView: "",
				productId: "65513",
				itemId: "131512",
				hideMultibuy: "false",
                ticketType: "",
                partNumber: "7585875",
                offerCode: "20150210"
		}'>
                            <div class="wrapper clearfix">


                                <h4 class="accessibility" id="heading_65513" tabindex="-1">
                                    Wrigley&nbsp;Extra White Lemon Lime Chewing Gum 4 pack&nbsp;
                                    56g&nbsp;

                                </h4>

                                <div class="offer-icon"></div>
                                <a role="presentation" aria-hidden="true" class="product-url"
                                   href="http://shop.coles.com.au/online/national/wrigleys-extra-white-lemon-lime">
                                    <img role="presentation" aria-hidden="true" class="photo"
                                         src="/wcsstore/Coles-CAS/images/7/5/8/7585875-th.jpg"
                                         onError="this.src='/wcsstore/ColesStorefrontAssetStore/dist/4a2efd911ff2/images/spacer.gif'"
                                         alt="Extra White Lemon Lime Chewing Gum 4 pack"
                                         width="110"
                                         height="110"/>
                                </a>

                                <div class="detail">
                                    <span role="presentation" aria-hidden="true" class="brand">Wrigley</span>
    <span class="item" role="presentation" aria-hidden="true">
        <a role="presentation" aria-hidden="true" class="product-url"
           href="http://shop.coles.com.au/online/national/wrigleys-extra-white-lemon-lime">
            Extra White Lemon Lime Chewing Gum 4 pack&nbsp;
            56g
        </a>
    </span>
	<span class="size">

 	</span>
                                </div>


                                <div class="purchasing">
                                    <div class="saving">

                                    </div>

                                    <div class="price"><span class="accessibility">Purchase price </span>
                                        <small>$</small>
                                        3.74
                                    </div>

                                    <div class="unit-price"><span class="accessibility">Unit price </span>$6.68 per 100G
                                    </div>
                                    <div class="special-offer">

                                    </div>
                                    <div class="availability">Temporarily unavailable</div>
                                    <div class="purchase">

                                        <input type="number"
                                               title="Add Quantity for Wrigley Extra White Lemon Lime Chewing Gum 4 pack 56g"
                                               name="quantity" id="catEntry_65513_qty" value="1" maxlength="2" size="2"
                                               class="v-mandatory v-numeric v-minval-1">
                                        <button role="button" type="submit"
                                                title="Add to trolley&nbsp;Wrigley Extra White Lemon Lime Chewing Gum 4 pack 56g"
                                                class="btn-red action-addToTrolley"><span role="presentation"
                                                                                          aria-hidden="true">Add to trolley</span>
                                        </button>

                                    </div>
                                </div>
                                <div class="lists">

                                </div>


                                <div class="actions">

                                    <div class="MUItemForTrolleyDiv MUItemForTrolley_131512" data-catentry="131512">
                                        <div class="MUul_131512">
                                            <div class="MUli_131512 hidden" aria-hidden="true"><span
                                                    class="inTrolley"><span
                                                    class="MUSpan_131512">0</span> in trolley</span></div>
                                        </div>
                                    </div>
                                    <p class="clear"></p>

                                    <div class="member-usuals-remove">
                                        <a href="#" class="action-removeFromUsuals usuals-remove">Remove from list <span
                                                class="accessibility">Wrigley Extra White Lemon Lime Chewing Gum 4 pack 56g</span></a>
                                    </div>

                                    <div class="list">
                                        <a href="#" class="action-addToList action-list-add">Add to list <span
                                                class="accessibility">Wrigley Extra White Lemon Lime Chewing Gum 4 pack 56g</span></a>
                                    </div>
                                    <div class="member-list-add">
                                        <a href="#" class="action-addToList action-list-add">Add to another list <span
                                                class="accessibility">Wrigley Extra White Lemon Lime Chewing Gum 4 pack 56g</span></a>
                                    </div>

                                    <div class="member-list-remove">
                                        <a href="#" class="action-removeFromList">Remove from list <span
                                                class="accessibility">Wrigley Extra White Lemon Lime Chewing Gum 4 pack 56g</span></a>
                                    </div>

                                    <div class="compareProd" role="presentation" aria-hidden="true">
                                        <a href="#" class="compare compare-add">Compare</a>
                                    </div>

                                </div>


                                <div role="presentation" aria-hidden="true" id="share" class="share" data-social="{productImgUrl:'http://shop.coles.com.au:27900/wcsstore/Coles-CAS/images/7/5/8/7585875-th.jpg'
	                                               ,productDisplayUrl:'http://shop.coles.com.au/online/national/wrigleys-extra-white-lemon-lime'
	                                               ,title:'Wrigley Extra White Lemon Lime Chewing Gum 4 pack  '
	                                               ,description:''}">
                                </div>

                            </div>
                        </div>


                    </form>
                </div>


                <span class="available hidden"></span>


                <div class="outer-prod prodtile"
                     data-refresh='{
					catalogId: "10576",
					doInventory: "N",
					fulfillmentCenterId: "11576",
					forStoreId: "10401",

					productDisplayURL: "http://shop.coles.com.au/online/national/wrigleys-eclipse-ice-chewing-gum-peppermint-sugar-free"
			}'>
                    <form id="catEntryForm_80864" name="catEntryForm_80864" action="AjaxOrderChangeServiceItemAdd">

                        <div class=" " data-catentry="catEntry_80864"
                             data-refresh='{
				addCalculationUsage: "-1",
				langId: "-1",
				storeId: "10601",
				catEntryId: "80864",
				catEntryName: "Extra Drops Peppermint Chewing Gum 4 x 10 Piece Pack",
				productView: "",
				productId: "80864",
				itemId: "144606",
				hideMultibuy: "false",
                ticketType: "",
                partNumber: "4719396",
                offerCode: "20150210"
		}'>
                            <div class="wrapper clearfix">


                                <h4 class="accessibility" id="heading_80864" tabindex="-1">
                                    Wrigley&nbsp;Extra Drops Peppermint Chewing Gum 4 x 10 Piece Pack&nbsp;
                                    56g&nbsp;

                                </h4>

                                <div class="offer-icon"></div>
                                <a role="presentation" aria-hidden="true" class="product-url"
                                   href="http://shop.coles.com.au/online/national/wrigleys-eclipse-ice-chewing-gum-peppermint-sugar-free">
                                    <img role="presentation" aria-hidden="true" class="photo"
                                         src="/wcsstore/Coles-CAS/images/4/7/1/4719396-th.jpg"
                                         onError="this.src='/wcsstore/ColesStorefrontAssetStore/dist/4a2efd911ff2/images/spacer.gif'"
                                         alt="Extra Drops Peppermint Chewing Gum 4 x 10 Piece Pack"
                                         width="110"
                                         height="110"/>
                                </a>

                                <div class="detail">
                                    <span role="presentation" aria-hidden="true" class="brand">Wrigley</span>
    <span class="item" role="presentation" aria-hidden="true">
        <a role="presentation" aria-hidden="true" class="product-url"
           href="http://shop.coles.com.au/online/national/wrigleys-eclipse-ice-chewing-gum-peppermint-sugar-free">
            Extra Drops Peppermint Chewing Gum 4 x 10 Piece Pack&nbsp;
            56g
        </a>
    </span>
	<span class="size">

 	</span>
                                </div>


                                <div class="purchasing">
                                    <div class="saving">

                                    </div>

                                    <div class="price"><span class="accessibility">Purchase price </span>
                                        <small>$</small>
                                        3.74
                                    </div>

                                    <div class="unit-price"><span class="accessibility">Unit price </span>$6.68 per 100G
                                    </div>
                                    <div class="special-offer">

                                    </div>
                                    <div class="availability">Temporarily unavailable</div>
                                    <div class="purchase">

                                        <input type="number"
                                               title="Add Quantity for Wrigley Extra Drops Peppermint Chewing Gum 4 x 10 Piece Pack 56g"
                                               name="quantity" id="catEntry_80864_qty" value="1" maxlength="2" size="2"
                                               class="v-mandatory v-numeric v-minval-1">
                                        <button role="button" type="submit"
                                                title="Add to trolley&nbsp;Wrigley Extra Drops Peppermint Chewing Gum 4 x 10 Piece Pack 56g"
                                                class="btn-red action-addToTrolley"><span role="presentation"
                                                                                          aria-hidden="true">Add to trolley</span>
                                        </button>

                                    </div>
                                </div>
                                <div class="lists">

                                </div>


                                <div class="actions">

                                    <div class="MUItemForTrolleyDiv MUItemForTrolley_144606" data-catentry="144606">
                                        <div class="MUul_144606">
                                            <div class="MUli_144606 hidden" aria-hidden="true"><span
                                                    class="inTrolley"><span
                                                    class="MUSpan_144606">0</span> in trolley</span></div>
                                        </div>
                                    </div>
                                    <p class="clear"></p>

                                    <div class="member-usuals-remove">
                                        <a href="#" class="action-removeFromUsuals usuals-remove">Remove from list <span
                                                class="accessibility">Wrigley Extra Drops Peppermint Chewing Gum 4 x 10 Piece Pack 56g</span></a>
                                    </div>

                                    <div class="list">
                                        <a href="#" class="action-addToList action-list-add">Add to list <span
                                                class="accessibility">Wrigley Extra Drops Peppermint Chewing Gum 4 x 10 Piece Pack 56g</span></a>
                                    </div>
                                    <div class="member-list-add">
                                        <a href="#" class="action-addToList action-list-add">Add to another list <span
                                                class="accessibility">Wrigley Extra Drops Peppermint Chewing Gum 4 x 10 Piece Pack 56g</span></a>
                                    </div>

                                    <div class="member-list-remove">
                                        <a href="#" class="action-removeFromList">Remove from list <span
                                                class="accessibility">Wrigley Extra Drops Peppermint Chewing Gum 4 x 10 Piece Pack 56g</span></a>
                                    </div>

                                    <div class="compareProd" role="presentation" aria-hidden="true">
                                        <a href="#" class="compare compare-add">Compare</a>
                                    </div>

                                </div>


                                <div role="presentation" aria-hidden="true" id="share" class="share" data-social="{productImgUrl:'http://shop.coles.com.au:27900/wcsstore/Coles-CAS/images/4/7/1/4719396-th.jpg'
	                                               ,productDisplayUrl:'http://shop.coles.com.au/online/national/wrigleys-eclipse-ice-chewing-gum-peppermint-sugar-free'
	                                               ,title:'Wrigley Extra Drops Peppermint Chewing Gum 4 x 10 Piece Pack '
	                                               ,description:''}">
                                </div>

                            </div>
                        </div>


                    </form>
                </div>

            </div>


            <div class="pagination clearfix">
                <form class="selector" id="frmResults" action="" method="post"><label for="resultsPerPage">Results per
                    page</label> <select id="resultsPerPage" name="resultsPerPage">
                    <option selected="selected" value="20">20</option>
                    <option value="40">40</option>
                    <option value="100">100</option>
                </select></form>


                <ul class="navigator">

                    <li class="current"><span class="btn-transparent">1</span></li>

                    <li><a role="button" href="#pageNumber=2&currentPageSize=20" data-beginIndex="20"
                           title="Navigate to result page 2" class="btn-aqua action-change-page">2</a></li>

                    <li><a role="button" href="#pageNumber=3&currentPageSize=20" data-beginIndex="40"
                           title="Navigate to result page 3" class="btn-aqua action-change-page">3</a></li>

                    <li class="next"><a role="button" href="#pageNumber=2&currentPageSize=20" data-beginIndex="20"
                                        title="Next page of results" class="btn-aqua action-change-page">Next &rarr;</a>
                    </li>

                </ul>
            </div>

        </div>

    </div>

    <div class="localisation-disclaimer msg-warning hidden">
        Can&rsquo;t find what you&rsquo;re looking for? You may not be seeing what&rsquo;s available in your local
        store. <a href="#localisation" class="popup-launch" title="Tell us your location to see your local range">Tell
        us your location to see your local range</a>
    </div>
    <form id="analytics-data-search" name="analytics-data-search" method="post" action="" class="hidden"
          aria-hidden="true">
        <input type="hidden" name="WT.z_facet" value=""/>
        <input type="hidden" name="WT.oss_r" value="45"/>
        <input type="hidden" name="WT.cg_n" value="Search"/>
        <input type="hidden" name="WT.z_viewtype" value="list"/>
        <input type="hidden" name="WT.z_srchpage" value="1"/>
        <input type="hidden" name="WT.oss" value="wrigleys mints"/>
    </form>
</div>
